<?xml version="1.0" encoding="UTF-8"?>
<!DOCTYPE html PUBLIC "-//W3C//DTD XHTML 1.0 Transitional//EN"
    "http://www.w3.org/TR/xhtml1/DTD/xhtml1-transitional.dtd">
<html xmlns="http://www.w3.org/1999/xhtml" xml:lang="en" lang="en">
 <head>
  <title>
</title>
<meta http-equiv="Content-Type" content="text/html;charset=utf-8" />
  <meta name='ocr-system' content='tesseract 3.04.00' />
  <meta name='ocr-capabilities' content='ocr_page ocr_carea ocr_par ocr_line ocrx_word'/>
</head>
<body>
  <div class='ocr_page' id='page_1' title='image "./specimenepigrap00jahngoog_0124.png"; bbox 0 0 2722 4718; ppageno 0'>
   <div class='ocr_carea' id='block_1_1' title="bbox 588 404 636 475">
    <p class='ocr_par' dir='ltr' id='par_1_1' title="bbox 515 404 636 513">
     <span class='ocr_line' id='line_1_1' title="bbox 588 404 636 475; baseline -0.008 -0.603"><span class='ocrx_word' id='word_1_1' title='bbox 588 404 636 475; x_wconf 83' lang='lat'>89</span> 
     </span>
    </p>
   </div>
   <div class='ocr_carea' id='block_1_2' title="bbox 33 628 1225 4191">
    <p class='ocr_par' dir='ltr' id='par_1_2' title="bbox 33 628 1225 3846">
     <span class='ocr_line' id='line_1_2' title="bbox 98 628 1140 709; baseline -0.005 -16"><span class='ocrx_word' id='word_1_2' title='bbox 98 634 269 693; x_wconf 79' lang='lat' dir='ltr'>imitaretur</span> <span class='ocrx_word' id='word_1_3' title='bbox 282 632 308 692; x_wconf 87' lang='lat' dir='ltr'>i.</span> <span class='ocrx_word' id='word_1_4' title='bbox 331 649 359 690; x_wconf 88' lang='lat' dir='ltr'>e.</span> <span class='ocrx_word' id='word_1_5' title='bbox 381 631 495 690; x_wconf 87' lang='lat' dir='ltr'>mimica</span> <span class='ocrx_word' id='word_1_6' title='bbox 516 643 762 709; x_wconf 76' lang='lat' dir='ltr'>repraesentaret,</span> <span class='ocrx_word' id='word_1_7' title='bbox 785 648 880 708; x_wconf 84' lang='lat' dir='ltr'>neque</span> <span class='ocrx_word' id='word_1_8' title='bbox 897 628 1078 691; x_wconf 87' lang='lat' dir='ltr'>dubitandum</span> <span class='ocrx_word' id='word_1_9' title='bbox 1095 632 1140 688; x_wconf 86' lang='lat' dir='ltr'>vi·</span> 
     </span>
     <span class='ocr_line' id='line_1_3' title="bbox 98 713 1149 796; baseline -0.004 -20"><span class='ocrx_word' id='word_1_10' title='bbox 98 717 200 788; x_wconf 87' lang='lat' dir='ltr'>detur,</span> <span class='ocrx_word' id='word_1_11' title='bbox 224 718 291 796; x_wconf 92' lang='lat' dir='ltr'>quin</span> <span class='ocrx_word' id='word_1_12' title='bbox 313 715 435 775; x_wconf 86' lang='lat' dir='ltr'>Romani</span> <span class='ocrx_word' id='word_1_13' title='bbox 458 716 600 774; x_wconf 64' lang='lat' dir='ltr'>iuuandi.</span> <span class='ocrx_word' id='word_1_14' title='bbox 614 715 754 774; x_wconf 88' lang='lat' dir='ltr'>vocabulo</span> <span class='ocrx_word' id='word_1_15' title='bbox 778 713 879 774; x_wconf 81' lang='lat' dir='ltr'>eodeni</span> <span class='ocrx_word' id='word_1_16' title='bbox 903 714 987 774; x_wconf 92' lang='lat' dir='ltr'>modo</span> <span class='ocrx_word' id='word_1_17' title='bbox 1009 717 1053 775; x_wconf 92' lang='lat' dir='ltr'>usi</span> <span class='ocrx_word' id='word_1_18' title='bbox 1072 717 1149 787; x_wconf 84' lang='lat' dir='ltr'>sint,-</span> 
     </span>
     <span class='ocr_line' id='line_1_4' title="bbox 100 798 1140 881; baseline -0.002 -21"><span class='ocrx_word' id='word_1_19' title='bbox 100 801 282 881; x_wconf 77' lang='lat' dir='ltr'>quo&#39;Graeci</span> <span class='ocrx_word' id='word_1_20' title='bbox 300 821 327 860; x_wconf 87' lang='lat' dir='ltr'>v.</span> <span class='ocrx_word' id='word_1_21' title='bbox 345 806 438 878; x_wconf 84' lang='grc' dir='ltr'><strong><em>μῖμος.</em></strong></span> <span class='ocrx_word' id='word_1_22' title='bbox 484 798 591 871; x_wconf 79' lang='lat' dir='ltr'><strong>Quodsi</strong></span> <span class='ocrx_word' id='word_1_23' title='bbox 614 819 714 867; x_wconf 74' lang='lat' dir='ltr'>uocem</span> <span class='ocrx_word' id='word_1_24' title='bbox 733 807 827 858; x_wconf 84' lang='lat' dir='ltr'>mutuo</span> <span class='ocrx_word' id='word_1_25' title='bbox 844 798 967 859; x_wconf 91' lang='lat' dir='ltr'>additam</span> <span class='ocrx_word' id='word_1_26' title='bbox 986 816 1050 859; x_wconf 87' lang='lat' dir='ltr'>esse</span> <span class='ocrx_word' id='word_1_27' title='bbox 1070 821 1140 858; x_wconf 89' lang='lat' dir='ltr'>con·</span> 
     </span>
     <span class='ocr_line' id='line_1_5' title="bbox 99 883 1202 957; baseline -0.004 -11"><span class='ocrx_word' id='word_1_28' title='bbox 99 886 274 957; x_wconf 84' lang='lat' dir='ltr'>sideramus,</span> <span class='ocrx_word' id='word_1_29' title='bbox 303 885 391 943; x_wconf 89' lang='lat' dir='ltr'>facile</span> <span class='ocrx_word' id='word_1_30' title='bbox 413 886 441 942; x_wconf 93' lang='lat' dir='ltr'>in</span> <span class='ocrx_word' id='word_1_31' title='bbox 460 903 521 943; x_wconf 86' lang='lat' dir='ltr'>oann</span> <span class='ocrx_word' id='word_1_32' title='bbox 545 886 714 943; x_wconf 88' lang='lat' dir='ltr'>senteutiam</span> <span class='ocrx_word' id='word_1_33' title='bbox 741 883 928 955; x_wconf 80' lang='lat' dir='ltr'>adducemur,</span> <span class='ocrx_word' id='word_1_34' title='bbox 960 886 1049 942; x_wconf 87' lang='lat' dir='ltr'>fuisso</span> <span class='ocrx_word' id='word_1_35' title='bbox 1076 904 1140 954; x_wconf 77' lang='lat' dir='ltr'>eum</span> <span class='ocrx_word' id='word_1_36' title='bbox 1198 950 1202 957; x_wconf 13' lang='lat' dir='ltr'>p</span> 
     </span>
     <span class='ocr_line' id='line_1_6' title="bbox 94 969 1150 1053; baseline -0.001 -23"><span class='ocrx_word' id='word_1_37' title='bbox 94 973 321 1051; x_wconf 79' lang='lat' dir='ltr'>pantomimum,</span> <span class='ocrx_word' id='word_1_38' title='bbox 351 971 396 1047; x_wconf 93' lang='lat' dir='ltr'>qui</span> <span class='ocrx_word' id='word_1_39' title='bbox 424 970 485 1027; x_wconf 89' lang='lat' dir='ltr'>siue</span> <span class='ocrx_word' id='word_1_40' title='bbox 509 969 620 1039; x_wconf 86' lang='lat' dir='ltr'>verbis,</span> <span class='ocrx_word' id='word_1_41' title='bbox 649 971 710 1029; x_wconf 89' lang='lat' dir='ltr'>sola</span> <span class='ocrx_word' id='word_1_42' title='bbox 729 970 880 1046; x_wconf 85' lang='lat' dir='ltr'>saltatione</span> <span class='ocrx_word' id='word_1_43' title='bbox 898 970 945 1028; x_wconf 89' lang='lat' dir='ltr'>vel</span> <span class='ocrx_word' id='word_1_44' title='bbox 964 969 1150 1053; x_wconf 77' lang='lat' dir='ltr'>chironoprla·</span> 
     </span>
     <span class='ocr_line' id='line_1_7' title="bbox 100 1053 1142 1134; baseline -0.003 -21"><span class='ocrx_word' id='word_1_45' title='bbox 100 1057 197 1114; x_wconf 86' lang='lat' dir='ltr'>omnia</span> <span class='ocrx_word' id='word_1_46' title='bbox 215 1056 376 1134; x_wconf 76' lang='lat' dir='ltr'>exprimere</span> <span class='ocrx_word' id='word_1_47' title='bbox 395 1054 564 1125; x_wconf 87' lang='lat' dir='ltr'>calluerunt,</span> <span class='ocrx_word' id='word_1_48' title='bbox 584 1056 669 1113; x_wconf 83' lang='lat' dir='ltr'>itaut</span> <span class='ocrx_word' id='word_1_49' title='bbox 683 1056 819 1114; x_wconf 91' lang='lat' dir='ltr'>somnium</span> <span class='ocrx_word' id='word_1_50' title='bbox 839 1053 875 1113; x_wconf 89' lang='lat' dir='ltr'>do</span> <span class='ocrx_word' id='word_1_51' title='bbox 893 1055 1002 1113; x_wconf 91' lang='lat' dir='ltr'>infante</span> <span class='ocrx_word' id='word_1_52' title='bbox 1021 1056 1142 1112; x_wconf 77' lang='lat' dir='ltr'>saltante</span> 
     </span>
     <span class='ocr_line' id='line_1_8' title="bbox 100 1139 1142 1219; baseline -0.003 -19"><span class='ocrx_word' id='word_1_53' title='bbox 100 1141 176 1200; x_wconf 87' lang='lat' dir='ltr'>bunc</span> <span class='ocrx_word' id='word_1_54' title='bbox 204 1151 308 1199; x_wconf 85' lang='lat' dir='ltr'>mutum</span> <span class='ocrx_word' id='word_1_55' title='bbox 334 1141 456 1204; x_wconf 88' lang='lat' dir='ltr'>futurum</span> <span class='ocrx_word' id='word_1_56' title='bbox 484 1139 638 1217; x_wconf 89' lang='lat' dir='ltr'>portendat</span> <span class='ocrx_word' id='word_1_57' title='bbox 663 1139 788 1219; x_wconf 79' lang='lat' dir='ltr'>(Artem.</span> <span class='ocrx_word' id='word_1_58' title='bbox 814 1139 836 1211; x_wconf 93' lang='lat' dir='ltr'>l,</span> <span class='ocrx_word' id='word_1_59' title='bbox 864 1145 929 1211; x_wconf 86' lang='lat'><strong>76).</strong></span> <span class='ocrx_word' id='word_1_60' title='bbox 983 1139 1056 1199; x_wconf 86' lang='lat' dir='ltr'>Hinc</span> <span class='ocrx_word' id='word_1_61' title='bbox 1075 1139 1142 1199; x_wconf 72' lang='lat' dir='ltr'>illae</span> 
     </span>
     <span class='ocr_line' id='line_1_9' title="bbox 101 1223 1142 1304; baseline -0.003 -20"><span class='ocrx_word' id='word_1_62' title='bbox 101 1227 235 1296; x_wconf 78' lang='lat' dir='ltr'>facetiae,</span> <span class='ocrx_word' id='word_1_63' title='bbox 255 1223 329 1303; x_wconf 83' lang='lat' dir='ltr'>quod</span> <span class='ocrx_word' id='word_1_64' title='bbox 349 1223 384 1284; x_wconf 91' lang='lat' dir='ltr'>de</span> <span class='ocrx_word' id='word_1_65' title='bbox 404 1245 485 1284; x_wconf 91' lang='lat' dir='ltr'>manu</span> <span class='ocrx_word' id='word_1_66' title='bbox 505 1226 616 1303; x_wconf 89' lang='lat' dir='ltr'>loquaci</span> <span class='ocrx_word' id='word_1_67' title='bbox 637 1226 767 1299; x_wconf 84' lang='lat' dir='ltr'>(Patron.</span> <span class='ocrx_word' id='word_1_68' title='bbox 780 1226 930 1304; x_wconf 82' lang='lat' dir='ltr'>fragmp.</span> <span class='ocrx_word' id='word_1_69' title='bbox 944 1230 1006 1288; x_wconf 82' lang='grc'>864</span> <span class='ocrx_word' id='word_1_70' title='bbox 1021 1223 1142 1303; x_wconf 79' lang='lat' dir='ltr'>burm),</span> 
     </span>
     <span class='ocr_line' id='line_1_10' title="bbox 43 1309 1144 1387; baseline -0.002 -18"><span class='ocrx_word' id='word_1_71' title='bbox 43 1340 47 1347; x_wconf 95' lang='lat'>·</span> <span class='ocrx_word' id='word_1_72' title='bbox 102 1309 138 1369; x_wconf 91' lang='lat' dir='ltr'>de</span> <span class='ocrx_word' id='word_1_73' title='bbox 162 1309 443 1368; x_wconf 79' lang='lat' dir='ltr'>diserta&#39;saltatione</span> <span class='ocrx_word' id='word_1_74' title='bbox 469 1310 549 1382; x_wconf 83' lang='lat' dir='ltr'>(Tac.</span> <span class='ocrx_word' id='word_1_75' title='bbox 573 1310 640 1367; x_wconf 89' lang='lat' dir='ltr'>dial.</span> <span class='ocrx_word' id='word_1_76' title='bbox 664 1314 718 1387; x_wconf 84' lang='grc'>26)</span> <span class='ocrx_word' id='word_1_77' title='bbox 742 1311 829 1368; x_wconf 85' lang='lat' dir='ltr'>locuti</span> <span class='ocrx_word' id='word_1_78' title='bbox 852 1320 925 1369; x_wconf 90' lang='lat' dir='ltr'>sunt.</span> <span class='ocrx_word' id='word_1_79' title='bbox 971 1309 1078 1367; x_wconf 90' lang='lat' dir='ltr'>Similis</span> <span class='ocrx_word' id='word_1_80' title='bbox 1097 1319 1144 1367; x_wconf 79' lang='lat' dir='ltr'>ar&#39;·</span> 
     </span>
     <span class='ocr_line' id='line_1_11' title="bbox 102 1393 1145 1473; baseline 0.001 -19"><span class='ocrx_word' id='word_1_81' title='bbox 102 1397 181 1472; x_wconf 82' lang='lat' dir='ltr'>gutia</span> <span class='ocrx_word' id='word_1_82' title='bbox 203 1397 230 1452; x_wconf 96' lang='lat' dir='ltr'>in</span> <span class='ocrx_word' id='word_1_83' title='bbox 254 1405 348 1454; x_wconf 84' lang='lat' dir='ltr'>mutus</span> <span class='ocrx_word' id='word_1_84' title='bbox 367 1404 491 1472; x_wconf 81' lang='lat' dir='ltr'>argutus</span> <span class='ocrx_word' id='word_1_85' title='bbox 509 1396 649 1452; x_wconf 84' lang='lat' dir='ltr'>neminem</span> <span class='ocrx_word' id='word_1_86' title='bbox 668 1406 762 1473; x_wconf 91' lang='lat' dir='ltr'>potest</span> <span class='ocrx_word' id='word_1_87' title='bbox 781 1396 892 1471; x_wconf 85' lang='lat' dir='ltr'>lugere.</span> <span class='ocrx_word' id='word_1_88' title='bbox 938 1394 1001 1452; x_wconf 85' lang='lat' dir='ltr'>Hoc</span> <span class='ocrx_word' id='word_1_89' title='bbox 1018 1393 1145 1455; x_wconf 86' lang='lat' dir='ltr'>vocabu·</span> 
     </span>
     <span class='ocr_line' id='line_1_12' title="bbox 102 1479 1145 1558; baseline -0.003 -18"><span class='ocrx_word' id='word_1_90' title='bbox 102 1481 158 1540; x_wconf 90' lang='lat' dir='ltr'>lum</span> <span class='ocrx_word' id='word_1_91' title='bbox 182 1481 256 1539; x_wconf 90' lang='lat' dir='ltr'>enim</span> <span class='ocrx_word' id='word_1_92' title='bbox 280 1500 342 1537; x_wconf 93' lang='lat' dir='ltr'>cum</span> <span class='ocrx_word' id='word_1_93' title='bbox 367 1479 456 1538; x_wconf 85' lang='lat' dir='ltr'>deiis</span> <span class='ocrx_word' id='word_1_94' title='bbox 475 1490 639 1558; x_wconf 90' lang='lat' dir='ltr'>usurpatur,</span> <span class='ocrx_word' id='word_1_95' title='bbox 664 1500 735 1558; x_wconf 75' lang='lat' dir='ltr'>quiae</span> <span class='ocrx_word' id='word_1_96' title='bbox 755 1482 876 1538; x_wconf 89' lang='lat' dir='ltr'>animum</span> <span class='ocrx_word' id='word_1_97' title='bbox 895 1479 941 1538; x_wconf 88' lang='lat' dir='ltr'>vel</span> <span class='ocrx_word' id='word_1_98' title='bbox 960 1498 1059 1537; x_wconf 90' lang='lat' dir='ltr'>sensus</span> <span class='ocrx_word' id='word_1_99' title='bbox 1077 1497 1145 1555; x_wconf 85' lang='lat' dir='ltr'>per·</span> 
     </span>
     <span class='ocr_line' id='line_1_13' title="bbox 103 1562 1145 1642; baseline 0 -19"><span class='ocrx_word' id='word_1_100' title='bbox 103 1565 225 1636; x_wconf 89' lang='lat' dir='ltr'>cellunt,</span> <span class='ocrx_word' id='word_1_101' title='bbox 254 1565 408 1642; x_wconf 82' lang='lat' dir='ltr'>praecipue</span> <span class='ocrx_word' id='word_1_102' title='bbox 432 1575 527 1621; x_wconf 88' lang='lat' dir='ltr'>tamen</span> <span class='ocrx_word' id='word_1_103' title='bbox 550 1563 587 1622; x_wconf 87' lang='lat' dir='ltr'>ad</span> <span class='ocrx_word' id='word_1_104' title='bbox 608 1585 707 1623; x_wconf 89' lang='lat' dir='ltr'>sonum</span> <span class='ocrx_word' id='word_1_105' title='bbox 729 1567 868 1634; x_wconf 90' lang='lat' dir='ltr'>refertur,</span> <span class='ocrx_word' id='word_1_106' title='bbox 897 1574 927 1622; x_wconf 89' lang='lat' dir='ltr'>et</span> <span class='ocrx_word' id='word_1_107' title='bbox 953 1565 1081 1641; x_wconf 88' lang='lat' dir='ltr'>inprimis</span> <span class='ocrx_word' id='word_1_108' title='bbox 1108 1562 1145 1623; x_wconf 76' lang='lat' dir='ltr'>de</span> 
     </span>
     <span class='ocr_line' id='line_1_14' title="bbox 103 1647 1145 1727; baseline -0.002 -20"><span class='ocrx_word' id='word_1_109' title='bbox 103 1651 139 1708; x_wconf 90' lang='lat' dir='ltr'>iis</span> <span class='ocrx_word' id='word_1_110' title='bbox 158 1651 186 1707; x_wconf 95' lang='lat' dir='ltr'>in</span> <span class='ocrx_word' id='word_1_111' title='bbox 206 1669 258 1706; x_wconf 90' lang='lat' dir='ltr'>usu</span> <span class='ocrx_word' id='word_1_112' title='bbox 277 1660 334 1718; x_wconf 86' lang='lat' dir='ltr'>est,</span> <span class='ocrx_word' id='word_1_113' title='bbox 359 1649 406 1724; x_wconf 84' lang='lat' dir='ltr'>qui</span> <span class='ocrx_word' id='word_1_114' title='bbox 426 1649 504 1705; x_wconf 92' lang='lat' dir='ltr'>clare</span> <span class='ocrx_word' id='word_1_115' title='bbox 524 1659 553 1707; x_wconf 87' lang='lat' dir='ltr'>ct</span> <span class='ocrx_word' id='word_1_116' title='bbox 575 1650 914 1727; x_wconf 86' lang='lat' dir='ltr'>perspicueloquuntur,</span> <span class='ocrx_word' id='word_1_117' title='bbox 940 1647 1015 1726; x_wconf 93' lang='lat' dir='ltr'>quod</span> <span class='ocrx_word' id='word_1_118' title='bbox 1035 1660 1088 1706; x_wconf 88' lang='lat' dir='ltr'>tam</span> <span class='ocrx_word' id='word_1_119' title='bbox 1109 1647 1145 1705; x_wconf 89' lang='lat' dir='ltr'>de</span> 
     </span>
     <span class='ocr_line' id='line_1_15' title="bbox 104 1730 1146 1810; baseline -0.003 -18"><span class='ocrx_word' id='word_1_120' title='bbox 104 1753 176 1792; x_wconf 92' lang='lat' dir='ltr'>sono</span> <span class='ocrx_word' id='word_1_121' title='bbox 196 1733 288 1803; x_wconf 89' lang='lat' dir='ltr'>vocis,</span> <span class='ocrx_word' id='word_1_122' title='bbox 310 1752 391 1809; x_wconf 89' lang='lat' dir='ltr'>quam</span> <span class='ocrx_word' id='word_1_123' title='bbox 408 1730 442 1787; x_wconf 88' lang='lat' dir='ltr'>de</span> <span class='ocrx_word' id='word_1_124' title='bbox 458 1730 594 1790; x_wconf 82' lang='lat' dir='ltr'>facultate</span> <span class='ocrx_word' id='word_1_125' title='bbox 613 1734 698 1790; x_wconf 93' lang='lat' dir='ltr'>animi</span> <span class='ocrx_word' id='word_1_126' title='bbox 717 1735 886 1791; x_wconf 85' lang='lat' dir='ltr'>sententiam</span> <span class='ocrx_word' id='word_1_127' title='bbox 906 1752 968 1791; x_wconf 93' lang='lat' dir='ltr'>cum</span> <span class='ocrx_word' id='word_1_128' title='bbox 987 1733 1146 1810; x_wconf 90' lang='lat' dir='ltr'>perspicui-</span> 
     </span>
     <span class='ocr_line' id='line_1_16' title="bbox 104 1815 1147 1894; baseline -0.002 -18"><span class='ocrx_word' id='word_1_129' title='bbox 104 1829 165 1876; x_wconf 85' lang='lat' dir='ltr'>tate</span> <span class='ocrx_word' id='word_1_130' title='bbox 181 1815 352 1894; x_wconf 62' lang='lat' dir='ltr'>xexponendi</span> <span class='ocrx_word' id='word_1_131' title='bbox 376 1815 591 1892; x_wconf 85' lang='lat' dir='ltr'>intelligendum</span> <span class='ocrx_word' id='word_1_132' title='bbox 615 1828 668 1875; x_wconf 91' lang='lat' dir='ltr'>est.</span> <span class='ocrx_word' id='word_1_133' title='bbox 715 1817 825 1894; x_wconf 90' lang='lat' dir='ltr'>Optime</span> <span class='ocrx_word' id='word_1_134' title='bbox 849 1819 937 1894; x_wconf 84' lang='lat' dir='ltr'>igitur</span> <span class='ocrx_word' id='word_1_135' title='bbox 954 1818 1009 1875; x_wconf 92' lang='lat' dir='ltr'>boc</span> <span class='ocrx_word' id='word_1_136' title='bbox 1027 1817 1147 1874; x_wconf 87' lang='lat' dir='ltr'>verbum</span> 
     </span>
     <span class='ocr_line' id='line_1_17' title="bbox 103 1898 1225 1982; baseline -0.001 -20"><span class='ocrx_word' id='word_1_137' title='bbox 103 1902 332 1981; x_wconf 79' lang='lat' dir='ltr'>transferebatur</span> <span class='ocrx_word' id='word_1_138' title='bbox 358 1899 395 1959; x_wconf 93' lang='lat' dir='ltr'>ad</span> <span class='ocrx_word' id='word_1_139' title='bbox 418 1904 679 1972; x_wconf 83' lang='lat' dir='ltr'>manusoratoris,</span> <span class='ocrx_word' id='word_1_140' title='bbox 703 1905 750 1979; x_wconf 85' lang='lat' dir='ltr'>qui</span> <span class='ocrx_word' id='word_1_141' title='bbox 772 1914 904 1982; x_wconf 90' lang='lat' dir='ltr'>prompto</span> <span class='ocrx_word' id='word_1_142' title='bbox 927 1913 957 1962; x_wconf 88' lang='lat' dir='ltr'>et</span> <span class='ocrx_word' id='word_1_143' title='bbox 978 1903 1040 1960; x_wconf 89' lang='lat' dir='ltr'>acri</span> <span class='ocrx_word' id='word_1_144' title='bbox 1064 1912 1148 1978; x_wconf 81' lang='lat' dir='ltr'>gestu</span> <span class='ocrx_word' id='word_1_145' title='bbox 1220 1898 1225 1907; x_wconf 62' lang='grc'><strong>“</strong></span> 
     </span>
     <span class='ocr_line' id='line_1_18' title="bbox 103 1985 1146 2066; baseline -0.004 -19"><span class='ocrx_word' id='word_1_146' title='bbox 103 2000 235 2066; x_wconf 87' lang='lat' dir='ltr'>tanquam</span> <span class='ocrx_word' id='word_1_147' title='bbox 250 1986 342 2045; x_wconf 86' lang='lat' dir='ltr'>altero</span> <span class='ocrx_word' id='word_1_148' title='bbox 357 2005 488 2045; x_wconf 88' lang='lat' dir='ltr'>sermone</span> <span class='ocrx_word' id='word_1_149' title='bbox 504 1988 592 2045; x_wconf 88' lang='lat' dir='ltr'>utitur</span> <span class='ocrx_word' id='word_1_150' title='bbox 602 1987 678 2059; x_wconf 89' lang='lat' dir='ltr'>(Cic.</span> <span class='ocrx_word' id='word_1_151' title='bbox 691 1985 726 2046; x_wconf 91' lang='lat' dir='ltr'>dc</span> <span class='ocrx_word' id='word_1_152' title='bbox 738 1999 810 2046; x_wconf 90' lang='lat' dir='ltr'>orat.</span> <span class='ocrx_word' id='word_1_153' title='bbox 822 1987 871 2059; x_wconf 95' lang='grc' dir='ltr'>ΙΙΙ,</span> <span class='ocrx_word' id='word_1_154' title='bbox 887 1992 937 2058; x_wconf 84' lang='grc'>59,</span> <span class='ocrx_word' id='word_1_155' title='bbox 948 1994 1022 2051; x_wconf 77' lang='lat'><strong>220.</strong></span> <span class='ocrx_word' id='word_1_156' title='bbox 1037 1986 1111 2047; x_wconf 90' lang='lat' dir='ltr'>Gell.</span> <span class='ocrx_word' id='word_1_157' title='bbox 1124 1985 1146 2058; x_wconf 97' lang='lat' dir='ltr'>l,</span> 
     </span>
     <span class='ocr_line' id='line_1_19' title="bbox 105 2070 1147 2150; baseline -0.001 -20"><span class='ocrx_word' id='word_1_158' title='bbox 105 2076 145 2150; x_wconf 83' lang='lat'>5),</span> <span class='ocrx_word' id='word_1_159' title='bbox 166 2071 301 2131; x_wconf 85' lang='lat' dir='ltr'>audacius</span> <span class='ocrx_word' id='word_1_160' title='bbox 316 2081 409 2130; x_wconf 89' lang='lat' dir='ltr'>autem</span> <span class='ocrx_word' id='word_1_161' title='bbox 424 2070 470 2129; x_wconf 91' lang='lat' dir='ltr'>bic</span> <span class='ocrx_word' id='word_1_162' title='bbox 486 2073 666 2130; x_wconf 90' lang='lat' dir='ltr'>coniunctum</span> <span class='ocrx_word' id='word_1_163' title='bbox 686 2084 730 2131; x_wconf 91' lang='lat' dir='ltr'>est</span> <span class='ocrx_word' id='word_1_164' title='bbox 750 2093 812 2131; x_wconf 93' lang='lat' dir='ltr'>cum</span> <span class='ocrx_word' id='word_1_165' title='bbox 830 2083 933 2143; x_wconf 81' lang='lat' dir='ltr'>mutus,</span> <span class='ocrx_word' id='word_1_166' title='bbox 948 2093 1035 2131; x_wconf 92' lang='lat' dir='ltr'>sensu</span> <span class='ocrx_word' id='word_1_167' title='bbox 1052 2083 1147 2130; x_wconf 87' lang='lat' dir='ltr'>tamen</span> 
     </span>
     <span class='ocr_line' id='line_1_20' title="bbox 105 2156 1149 2236; baseline -0.003 -18"><span class='ocrx_word' id='word_1_168' title='bbox 105 2156 181 2219; x_wconf 87' lang='lat' dir='ltr'>baud</span> <span class='ocrx_word' id='word_1_169' title='bbox 202 2157 336 2215; x_wconf 86' lang='lat' dir='ltr'>obscuro.</span> <span class='ocrx_word' id='word_1_170' title='bbox 386 2156 440 2215; x_wconf 85' lang='lat' dir='ltr'>llic</span> <span class='ocrx_word' id='word_1_171' title='bbox 462 2157 551 2232; x_wconf 81' lang='lat' dir='ltr'>igitur</span> <span class='ocrx_word' id='word_1_172' title='bbox 577 2158 683 2216; x_wconf 84' lang='lat' dir='ltr'>artifex</span> <span class='ocrx_word' id='word_1_173' title='bbox 705 2158 867 2217; x_wconf 88' lang='lat' dir='ltr'>causidicos</span> <span class='ocrx_word' id='word_1_174' title='bbox 893 2160 1011 2236; x_wconf 88' lang='lat' dir='ltr'>primum</span> <span class='ocrx_word' id='word_1_175' title='bbox 1039 2157 1149 2216; x_wconf 87' lang='lat' dir='ltr'>invonit</span> 
     </span>
     <span class='ocr_line' id='line_1_21' title="bbox 105 2241 1148 2319; baseline 0 -19"><span class='ocrx_word' id='word_1_176' title='bbox 105 2242 222 2312; x_wconf 89' lang='lat' dir='ltr'>imitari,</span> <span class='ocrx_word' id='word_1_177' title='bbox 239 2241 314 2317; x_wconf 87' lang='lat' dir='ltr'>quod</span> <span class='ocrx_word' id='word_1_178' title='bbox 332 2260 423 2317; x_wconf 80' lang='lat' dir='ltr'>genus</span> <span class='ocrx_word' id='word_1_179' title='bbox 442 2241 583 2299; x_wconf 89' lang='lat' dir='ltr'>bominum</span> <span class='ocrx_word' id='word_1_180' title='bbox 602 2260 670 2299; x_wconf 88' lang='lat' dir='ltr'>sane</span> <span class='ocrx_word' id='word_1_181' title='bbox 689 2245 861 2319; x_wconf 85' lang='lat' dir='ltr'>aptissimum</span> <span class='ocrx_word' id='word_1_182' title='bbox 881 2244 935 2301; x_wconf 90' lang='lat' dir='ltr'>fnit</span> <span class='ocrx_word' id='word_1_183' title='bbox 952 2243 988 2302; x_wconf 90' lang='lat' dir='ltr'>ad</span> <span class='ocrx_word' id='word_1_184' title='bbox 1007 2244 1148 2307; x_wconf 82' lang='lat' dir='ltr'>mimicam</span> 
     </span>
     <span class='ocr_line' id='line_1_22' title="bbox 108 2324 1148 2403; baseline -0.001 -18"><span class='ocrx_word' id='word_1_185' title='bbox 108 2326 328 2385; x_wconf 89' lang='lat' dir='ltr'>cavillationem.</span> <span class='ocrx_word' id='word_1_186' title='bbox 353 2324 520 2384; x_wconf 88' lang='lat' dir='ltr'>Causidicos</span> <span class='ocrx_word' id='word_1_187' title='bbox 540 2327 613 2384; x_wconf 90' lang='lat' dir='ltr'>cuim</span> <span class='ocrx_word' id='word_1_188' title='bbox 633 2345 689 2383; x_wconf 93' lang='lat' dir='ltr'>non</span> <span class='ocrx_word' id='word_1_189' title='bbox 709 2326 770 2384; x_wconf 91' lang='lat' dir='ltr'>sine</span> <span class='ocrx_word' id='word_1_190' title='bbox 794 2325 914 2403; x_wconf 81' lang='lat' dir='ltr'>quodam</span> <span class='ocrx_word' id='word_1_191' title='bbox 934 2338 1078 2389; x_wconf 87' lang='lat' dir='ltr'>contemtu</span> <span class='ocrx_word' id='word_1_192' title='bbox 1097 2346 1148 2384; x_wconf 87' lang='lat' dir='ltr'>eos</span> 
     </span>
     <span class='ocr_line' id='line_1_23' title="bbox 106 2406 1148 2490; baseline -0.003 -19"><span class='ocrx_word' id='word_1_193' title='bbox 106 2406 247 2472; x_wconf 89' lang='lat' dir='ltr'>vocarunt</span> <span class='ocrx_word' id='word_1_194' title='bbox 262 2410 403 2480; x_wconf 82' lang='lat' dir='ltr'>Romani,</span> <span class='ocrx_word' id='word_1_195' title='bbox 432 2413 479 2489; x_wconf 90' lang='lat' dir='ltr'>qui</span> <span class='ocrx_word' id='word_1_196' title='bbox 501 2430 616 2490; x_wconf 85' lang='lat' dir='ltr'>operam</span> <span class='ocrx_word' id='word_1_197' title='bbox 641 2411 846 2469; x_wconf 82' lang='lat' dir='ltr'>mercenariam</span> <span class='ocrx_word' id='word_1_198' title='bbox 870 2413 963 2470; x_wconf 83' lang='lat' dir='ltr'>causis</span> <span class='ocrx_word' id='word_1_199' title='bbox 987 2411 1148 2475; x_wconf 83' lang='lat' dir='ltr'>forensibus</span> 
     </span>
     <span class='ocr_line' id='line_1_24' title="bbox 107 2495 1148 2577; baseline 0 -24"><span class='ocrx_word' id='word_1_200' title='bbox 107 2506 301 2577; x_wconf 87' lang='lat' dir='ltr'>praestarent,</span> <span class='ocrx_word' id='word_1_201' title='bbox 322 2507 351 2553; x_wconf 89' lang='lat' dir='ltr'>et</span> <span class='ocrx_word' id='word_1_202' title='bbox 370 2499 459 2572; x_wconf 81' lang='lat' dir='ltr'>magis</span> <span class='ocrx_word' id='word_1_203' title='bbox 478 2497 601 2573; x_wconf 88' lang='lat' dir='ltr'>pecunia</span> <span class='ocrx_word' id='word_1_204' title='bbox 619 2495 729 2567; x_wconf 90' lang='lat' dir='ltr'>allecti,</span> <span class='ocrx_word' id='word_1_205' title='bbox 751 2516 831 2575; x_wconf 91' lang='lat' dir='ltr'>quam</span> <span class='ocrx_word' id='word_1_206' title='bbox 849 2506 911 2553; x_wconf 87' lang='lat' dir='ltr'>arte</span> <span class='ocrx_word' id='word_1_207' title='bbox 931 2496 1051 2565; x_wconf 84' lang='lat' dir='ltr'>exculti,</span> <span class='ocrx_word' id='word_1_208' title='bbox 1072 2496 1148 2555; x_wconf 88' lang='lat' dir='ltr'>inani</span> 
     </span>
     <span class='ocr_line' id='line_1_25' title="bbox 106 2579 1149 2660; baseline -0.002 -20"><span class='ocrx_word' id='word_1_209' title='bbox 106 2582 260 2641; x_wconf 88' lang='lat' dir='ltr'>verborum</span> <span class='ocrx_word' id='word_1_210' title='bbox 278 2581 398 2660; x_wconf 90' lang='lat' dir='ltr'>strepitu</span> <span class='ocrx_word' id='word_1_211' title='bbox 416 2581 511 2657; x_wconf 89' lang='lat' dir='ltr'>potius</span> <span class='ocrx_word' id='word_1_212' title='bbox 530 2600 611 2658; x_wconf 90' lang='lat' dir='ltr'>quam</span> <span class='ocrx_word' id='word_1_213' title='bbox 631 2581 704 2639; x_wconf 88' lang='lat' dir='ltr'>iusta</span> <span class='ocrx_word' id='word_1_214' title='bbox 727 2582 857 2648; x_wconf 88' lang='lat' dir='ltr'>oratione</span> <span class='ocrx_word' id='word_1_215' title='bbox 877 2599 937 2637; x_wconf 92' lang='lat' dir='ltr'>rem</span> <span class='ocrx_word' id='word_1_216' title='bbox 956 2591 1090 2656; x_wconf 86' lang='lat' dir='ltr'>agerent,</span> <span class='ocrx_word' id='word_1_217' title='bbox 1110 2579 1149 2638; x_wconf 88' lang='lat' dir='ltr'>cf.</span> 
     </span>
     <span class='ocr_line' id='line_1_26' title="bbox 109 2663 1149 2738; baseline 0 -15"><span class='ocrx_word' id='word_1_218' title='bbox 109 2664 226 2737; x_wconf 58' lang='lat' dir='ltr'>Clade</span> <span class='ocrx_word' id='word_1_219' title='bbox 245 2676 316 2724; x_wconf 92' lang='lat' dir='ltr'>orat.</span> <span class='ocrx_word' id='word_1_220' title='bbox 336 2664 359 2737; x_wconf 80' lang='lat' dir='ltr'>l,</span> <span class='ocrx_word' id='word_1_221' title='bbox 387 2672 437 2736; x_wconf 83' lang='grc'>46,</span> <span class='ocrx_word' id='word_1_222' title='bbox 465 2671 539 2729; x_wconf 82' lang='lat'><strong>202.</strong></span> <span class='ocrx_word' id='word_1_223' title='bbox 573 2666 680 2738; x_wconf 66' lang='lat' dir='ltr'>Quint.</span> <span class='ocrx_word' id='word_1_224' title='bbox 708 2665 789 2736; x_wconf 91' lang='lat' dir='ltr'>Xll,··</span> <span class='ocrx_word' id='word_1_225' title='bbox 804 2672 830 2738; x_wconf 87' lang='lat'>1,</span> <span class='ocrx_word' id='word_1_226' title='bbox 859 2671 909 2729; x_wconf 82' lang='lat'>25.</span> <span class='ocrx_word' id='word_1_227' title='bbox 951 2663 1024 2732; x_wconf 64' lang='lat' dir='ltr'>,lude</span> <span class='ocrx_word' id='word_1_228' title='bbox 1043 2666 1149 2733; x_wconf 86' lang='lat' dir='ltr'>factum</span> 
     </span>
     <span class='ocr_line' id='line_1_27' title="bbox 110 2742 1150 2828; baseline -0.002 -19"><span class='ocrx_word' id='word_1_229' title='bbox 110 2761 167 2822; x_wconf 85' lang='lat' dir='ltr'>est,</span> <span class='ocrx_word' id='word_1_230' title='bbox 194 2761 225 2809; x_wconf 90' lang='lat' dir='ltr'>ut</span> <span class='ocrx_word' id='word_1_231' title='bbox 239 2770 314 2822; x_wconf 55' lang='lat' dir='ltr'>cum,</span> <span class='ocrx_word' id='word_1_232' title='bbox 333 2771 478 2828; x_wconf 86' lang='lat' dir='ltr'>praecone</span> <span class='ocrx_word' id='word_1_233' title='bbox 501 2753 635 2828; x_wconf 83' lang='lat' dir='ltr'>iungatur</span> <span class='ocrx_word' id='word_1_234' title='bbox 653 2742 830 2821; x_wconf 77' lang='lat' dir='ltr'>causidicus,</span> <span class='ocrx_word' id='word_1_235' title='bbox 849 2771 906 2819; x_wconf 84' lang='lat' dir='ltr'>uon</span> <span class='ocrx_word' id='word_1_236' title='bbox 925 2751 1015 2818; x_wconf 82' lang='lat' dir='ltr'>solum</span> <span class='ocrx_word' id='word_1_237' title='bbox 1035 2750 1070 2809; x_wconf 93' lang='lat' dir='ltr'>ob</span> <span class='ocrx_word' id='word_1_238' title='bbox 1091 2750 1150 2817; x_wconf 71' lang='lat' dir='ltr'>cla,-</span> 
     </span>
     <span class='ocr_line' id='line_1_28' title="bbox 33 2834 1149 2917; baseline -0.003 -21"><span class='ocrx_word' id='word_1_239' title='bbox 33 2877 46 2896; x_wconf 83' lang='lat'><strong>.</strong></span> <span class='ocrx_word' id='word_1_240' title='bbox 111 2854 239 2906; x_wconf 75' lang='lat' dir='ltr'>morem„</span> <span class='ocrx_word' id='word_1_241' title='bbox 256 2855 338 2912; x_wconf 88' lang='lat' dir='ltr'>quem</span> <span class='ocrx_word' id='word_1_242' title='bbox 362 2848 483 2913; x_wconf 89' lang='lat' dir='ltr'>uterque</span> <span class='ocrx_word' id='word_1_243' title='bbox 507 2838 596 2905; x_wconf 87' lang='lat' dir='ltr'>tollit,</span> <span class='ocrx_word' id='word_1_244' title='bbox 625 2855 652 2894; x_wconf 92' lang='lat' dir='ltr'>v.</span> <span class='ocrx_word' id='word_1_245' title='bbox 672 2835 768 2892; x_wconf 83' lang='lat' dir='ltr'>luven.</span> <span class='ocrx_word' id='word_1_246' title='bbox 788 2834 838 2904; x_wconf 90' lang='lat' dir='ltr'>Vl,</span> <span class='ocrx_word' id='word_1_247' title='bbox 857 2841 934 2906; x_wconf 78' lang='lat'>439,</span> <span class='ocrx_word' id='word_1_248' title='bbox 955 2836 1149 2917; x_wconf 80' lang='lat' dir='ltr'>quemlocum</span> 
     </span>
     <span class='ocr_line' id='line_1_29' title="bbox 107 2917 1151 2998; baseline -0.002 -19"><span class='ocrx_word' id='word_1_249' title='bbox 107 2922 240 2980; x_wconf 86' lang='lat' dir='ltr'>imitatus¹</span> <span class='ocrx_word' id='word_1_250' title='bbox 252 2930 296 2977; x_wconf 90' lang='lat' dir='ltr'>est</span> <span class='ocrx_word' id='word_1_251' title='bbox 305 2919 471 2995; x_wconf 82' lang='lat' dir='ltr'>Fulgentius</span> <span class='ocrx_word' id='word_1_252' title='bbox 488 2921 575 2997; x_wconf 77' lang='lat' dir='ltr'>myth.</span> <span class='ocrx_word' id='word_1_253' title='bbox 594 2919 618 2989; x_wconf 92' lang='lat' dir='ltr'>-l,</span> <span class='ocrx_word' id='word_1_254' title='bbox 639 2939 665 2995; x_wconf 90' lang='lat' dir='ltr'>p.</span> <span class='ocrx_word' id='word_1_255' title='bbox 681 2924 722 2981; x_wconf 80' lang='lat'>23</span> <span class='ocrx_word' id='word_1_256' title='bbox 741 2919 790 2988; x_wconf 77' lang='lat' dir='ltr'>M,</span> <span class='ocrx_word' id='word_1_257' title='bbox 809 2917 860 2976; x_wconf 91' lang='lat' dir='ltr'>sed</span> <span class='ocrx_word' id='word_1_258' title='bbox 879 2919 915 2978; x_wconf 92' lang='lat' dir='ltr'>ob</span> <span class='ocrx_word' id='word_1_259' title='bbox 935 2921 1054 2991; x_wconf 90' lang='lat' dir='ltr'>lucrum,</span> <span class='ocrx_word' id='word_1_260' title='bbox 1074 2917 1151 2998; x_wconf 91' lang='lat' dir='ltr'>quod</span> 
     </span>
     <span class='ocr_line' id='line_1_30' title="bbox 107 3002 1150 3085; baseline -0.004 -21"><span class='ocrx_word' id='word_1_261' title='bbox 107 3026 206 3085; x_wconf 89' lang='lat' dir='ltr'>parum</span> <span class='ocrx_word' id='word_1_262' title='bbox 224 3007 373 3064; x_wconf 87' lang='lat' dir='ltr'>honestum</span> <span class='ocrx_word' id='word_1_263' title='bbox 393 3003 561 3074; x_wconf 82' lang='lat' dir='ltr'>habebatur,</span> <span class='ocrx_word' id='word_1_264' title='bbox 581 3024 607 3061; x_wconf 86' lang='lat' dir='ltr'>v.</span> <span class='ocrx_word' id='word_1_265' title='bbox 618 3002 735 3071; x_wconf 90' lang='lat' dir='ltr'>Petron.</span> <span class='ocrx_word' id='word_1_266' title='bbox 756 3008 797 3068; x_wconf 77' lang='grc'>46</span> <span class='ocrx_word' id='word_1_267' title='bbox 815 3014 846 3061; x_wconf 86' lang='lat' dir='ltr'>et</span> <span class='ocrx_word' id='word_1_268' title='bbox 864 3005 902 3062; x_wconf 92' lang='lat' dir='ltr'>cf.</span> <span class='ocrx_word' id='word_1_269' title='bbox 922 3003 957 3070; x_wconf 86' lang='lat' dir='ltr'>do</span> <span class='ocrx_word' id='word_1_270' title='bbox 976 3023 1150 3081; x_wconf 90' lang='lat' dir='ltr'>praeconum</span> 
     </span>
     <span class='ocr_line' id='line_1_31' title="bbox 110 3086 1149 3167; baseline 0 -19"><span class='ocrx_word' id='word_1_271' title='bbox 110 3091 203 3148; x_wconf 89' lang='lat' dir='ltr'>officio</span> <span class='ocrx_word' id='word_1_272' title='bbox 231 3087 372 3167; x_wconf 81' lang='lat' dir='ltr'>permisso</span> <span class='ocrx_word' id='word_1_273' title='bbox 399 3089 451 3149; x_wconf 90' lang='lat' dir='ltr'>sed</span> <span class='ocrx_word' id='word_1_274' title='bbox 478 3090 592 3148; x_wconf 90' lang='lat' dir='ltr'>abiecto</span> <span class='ocrx_word' id='word_1_275' title='bbox 612 3088 672 3148; x_wconf 86' lang='lat' dir='ltr'>luv.</span> <span class='ocrx_word' id='word_1_276' title='bbox 690 3087 757 3158; x_wconf 92' lang='lat' dir='ltr'>Vll,</span> <span class='ocrx_word' id='word_1_277' title='bbox 786 3093 816 3152; x_wconf 88' lang='grc'>6.</span> <span class='ocrx_word' id='word_1_278' title='bbox 837 3087 922 3148; x_wconf 85' lang='lat' dir='ltr'>lllart.</span> <span class='ocrx_word' id='word_1_279' title='bbox 941 3088 981 3161; x_wconf 94' lang='lat' dir='ltr'>V,</span> <span class='ocrx_word' id='word_1_280' title='bbox 1011 3086 1063 3157; x_wconf 84' lang='lat'>57.</span> <span class='ocrx_word' id='word_1_281' title='bbox 1089 3088 1149 3157; x_wconf 68' lang='lat' dir='ltr'>lut.</span> 
     </span>
     <span class='ocr_line' id='line_1_32' title="bbox 110 3171 1152 3253; baseline 0 -21"><span class='ocrx_word' id='word_1_282' title='bbox 110 3171 162 3243; x_wconf 86' lang='grc' dir='ltr'>ΙΙΙ,</span> <span class='ocrx_word' id='word_1_283' title='bbox 184 3178 254 3234; x_wconf 87' lang='grc'><strong>157.</strong></span> <span class='ocrx_word' id='word_1_284' title='bbox 297 3173 427 3251; x_wconf 85' lang='lat' dir='ltr'>Apparet</span> <span class='ocrx_word' id='word_1_285' title='bbox 443 3176 512 3246; x_wconf 92' lang='lat' dir='ltr'>iam,</span> <span class='ocrx_word' id='word_1_286' title='bbox 536 3194 618 3253; x_wconf 89' lang='lat' dir='ltr'>quam</span> <span class='ocrx_word' id='word_1_287' title='bbox 636 3184 728 3253; x_wconf 89' lang='lat' dir='ltr'>aptam</span> <span class='ocrx_word' id='word_1_288' title='bbox 747 3174 912 3253; x_wconf 88' lang='lat' dir='ltr'>praebuerit</span> <span class='ocrx_word' id='word_1_289' title='bbox 930 3193 1080 3252; x_wconf 88' lang='lat' dir='ltr'>personam</span> <span class='ocrx_word' id='word_1_290' title='bbox 1099 3175 1152 3241; x_wconf 69' lang='lat' dir='ltr'>mi,-</span> 
     </span>
     <span class='ocr_line' id='line_1_33' title="bbox 103 3256 1152 3340; baseline 0.006 -28"><span class='ocrx_word' id='word_1_291' title='bbox 103 3259 193 3317; x_wconf 86' lang='lat' dir='ltr'>micis</span> <span class='ocrx_word' id='word_1_292' title='bbox 216 3256 318 3315; x_wconf 91' lang='lat' dir='ltr'>fabulis</span> <span class='ocrx_word' id='word_1_293' title='bbox 341 3258 516 3330; x_wconf 86' lang='lat' dir='ltr'>causidicus,</span> <span class='ocrx_word' id='word_1_294' title='bbox 539 3279 673 3340; x_wconf 91' lang='lat' dir='ltr'>eumque,</span> <span class='ocrx_word' id='word_1_295' title='bbox 700 3259 745 3338; x_wconf 92' lang='lat' dir='ltr'>qui</span> <span class='ocrx_word' id='word_1_296' title='bbox 769 3258 894 3336; x_wconf 90' lang='lat' dir='ltr'>Neapoli</span> <span class='ocrx_word' id='word_1_297' title='bbox 917 3262 1057 3319; x_wconf 89' lang='lat' dir='ltr'>theatrum</span> <span class='ocrx_word' id='word_1_298' title='bbox 1081 3261 1152 3329; x_wconf 63' lang='lat' dir='ltr'>Car,-</span> 
     </span>
     <span class='ocr_line' id='line_1_34' title="bbox 111 3340 1152 3422; baseline 0.002 -21"><span class='ocrx_word' id='word_1_299' title='bbox 111 3344 163 3402; x_wconf 93' lang='lat' dir='ltr'>lini</span> <span class='ocrx_word' id='word_1_300' title='bbox 182 3340 384 3419; x_wconf 82' lang='lat' dir='ltr'>frequentaril,</span> <span class='ocrx_word' id='word_1_301' title='bbox 403 3362 471 3419; x_wconf 88' lang='lat' dir='ltr'>quas</span> <span class='ocrx_word' id='word_1_302' title='bbox 489 3355 585 3422; x_wconf 89' lang='lat' dir='ltr'>partes</span> <span class='ocrx_word' id='word_1_303' title='bbox 604 3346 717 3420; x_wconf 83' lang='lat' dir='ltr'>egerint</span> <span class='ocrx_word' id='word_1_304' title='bbox 735 3345 763 3402; x_wconf 94' lang='lat' dir='ltr'>in</span> <span class='ocrx_word' id='word_1_305' title='bbox 779 3342 881 3400; x_wconf 91' lang='lat' dir='ltr'>fabulis</span> <span class='ocrx_word' id='word_1_306' title='bbox 898 3344 969 3415; x_wconf 89' lang='lat' dir='ltr'>istis,</span> <span class='ocrx_word' id='word_1_307' title='bbox 989 3363 1061 3422; x_wconf 91' lang='lat' dir='ltr'>quae</span> <span class='ocrx_word' id='word_1_308' title='bbox 1080 3343 1152 3403; x_wconf 82' lang='lat' dir='ltr'>niul·</span> 
     </span>
     <span class='ocr_line' id='line_1_35' title="bbox 111 3426 1152 3504; baseline 0.001 -20"><span class='ocrx_word' id='word_1_309' title='bbox 111 3438 170 3485; x_wconf 89' lang='lat' dir='ltr'>tum</span> <span class='ocrx_word' id='word_1_310' title='bbox 194 3428 302 3504; x_wconf 82' lang='lat' dir='ltr'>antiqui</span> <span class='ocrx_word' id='word_1_311' title='bbox 325 3428 432 3486; x_wconf 90' lang='lat' dir='ltr'>coloris</span> <span class='ocrx_word' id='word_1_312' title='bbox 455 3429 749 3498; x_wconf 84' lang='lat' dir='ltr'>servassovidentur,</span> <span class='ocrx_word' id='word_1_313' title='bbox 773 3426 910 3487; x_wconf 88' lang='lat' dir='ltr'>causidici</span> <span class='ocrx_word' id='word_1_314' title='bbox 929 3430 1089 3495; x_wconf 86' lang='lat' dir='ltr'>meminisse</span> <span class='ocrx_word' id='word_1_315' title='bbox 1108 3429 1152 3497; x_wconf 45' lang='lat' dir='ltr'>iu„-</span> 
     </span>
     <span class='ocr_line' id='line_1_36' title="bbox 110 3510 1152 3592; baseline 0.001 -20"><span class='ocrx_word' id='word_1_316' title='bbox 110 3510 198 3572; x_wconf 88' lang='lat' dir='ltr'>vabit.</span> <span class='ocrx_word' id='word_1_317' title='bbox 242 3511 401 3584; x_wconf 86' lang='lat' dir='ltr'>Mirandum</span> <span class='ocrx_word' id='word_1_318' title='bbox 418 3533 488 3572; x_wconf 85' lang='lat' dir='ltr'>sane</span> <span class='ocrx_word' id='word_1_319' title='bbox 507 3513 595 3584; x_wconf 91' lang='lat' dir='ltr'>foret,</span> <span class='ocrx_word' id='word_1_320' title='bbox 613 3534 672 3574; x_wconf 86' lang='lat' dir='ltr'>uon</span> <span class='ocrx_word' id='word_1_321' title='bbox 690 3513 929 3592; x_wconf 82' lang='lat' dir='ltr'>anteTiberium,</span> <span class='ocrx_word' id='word_1_322' title='bbox 949 3532 1003 3590; x_wconf 87' lang='lat' dir='ltr'>quo</span> <span class='ocrx_word' id='word_1_323' title='bbox 1022 3524 1152 3589; x_wconf 85' lang='lat' dir='ltr'>temporo</span> 
     </span>
     <span class='ocr_line' id='line_1_37' title="bbox 112 3595 1150 3674; baseline 0 -19"><span class='ocrx_word' id='word_1_324' title='bbox 112 3598 349 3674; x_wconf 75' lang='lat' dir='ltr'>vixitanonynus</span> <span class='ocrx_word' id='word_1_325' title='bbox 363 3609 470 3668; x_wconf 93' lang='lat' dir='ltr'>noster,</span> <span class='ocrx_word' id='word_1_326' title='bbox 489 3598 629 3656; x_wconf 88' lang='lat' dir='ltr'>inventam</span> <span class='ocrx_word' id='word_1_327' title='bbox 639 3617 705 3658; x_wconf 90' lang='lat' dir='ltr'>esse</span> <span class='ocrx_word' id='word_1_328' title='bbox 723 3610 813 3658; x_wconf 89' lang='lat' dir='ltr'>artem</span> <span class='ocrx_word' id='word_1_329' title='bbox 832 3596 994 3656; x_wconf 88' lang='lat' dir='ltr'>causidicos</span> <span class='ocrx_word' id='word_1_330' title='bbox 1013 3595 1150 3669; x_wconf 91' lang='lat' dir='ltr'>imitandi,</span> 
     </span>
     <span class='ocr_line' id='line_1_38' title="bbox 112 3680 1151 3763; baseline 0 -23"><span class='ocrx_word' id='word_1_331' title='bbox 112 3684 167 3740; x_wconf 90' lang='lat' dir='ltr'>nisi</span> <span class='ocrx_word' id='word_1_332' title='bbox 187 3680 425 3739; x_wconf 88' lang='lat' dir='ltr'>considerandum</span> <span class='ocrx_word' id='word_1_333' title='bbox 445 3693 536 3753; x_wconf 90' lang='lat' dir='ltr'>esset,</span> <span class='ocrx_word' id='word_1_334' title='bbox 555 3693 610 3739; x_wconf 89' lang='lat' dir='ltr'>tam</span> <span class='ocrx_word' id='word_1_335' title='bbox 630 3685 729 3742; x_wconf 89' lang='lat' dir='ltr'>mimos</span> <span class='ocrx_word' id='word_1_336' title='bbox 746 3694 831 3763; x_wconf 89' lang='lat' dir='ltr'>atque</span> <span class='ocrx_word' id='word_1_337' title='bbox 850 3684 1151 3761; x_wconf 64' lang='lat' dir='ltr'>pantomimos„quam</span> 
     </span>
     <span class='ocr_line' id='line_1_39' title="bbox 114 3767 1099 3846; baseline -0.002 -20"><span class='ocrx_word' id='word_1_338' title='bbox 114 3767 276 3826; x_wconf 89' lang='lat' dir='ltr'>causidicos</span> <span class='ocrx_word' id='word_1_339' title='bbox 295 3767 399 3825; x_wconf 88' lang='lat' dir='ltr'>ultimis</span> <span class='ocrx_word' id='word_1_340' title='bbox 419 3777 523 3824; x_wconf 87' lang='lat' dir='ltr'>tantum</span> <span class='ocrx_word' id='word_1_341' title='bbox 544 3767 720 3844; x_wconf 82' lang='lat' dir='ltr'>reipublicae</span> <span class='ocrx_word' id='word_1_342' title='bbox 738 3768 913 3846; x_wconf 87' lang='lat' dir='ltr'>temporibus</span> <span class='ocrx_word' id='word_1_343' title='bbox 932 3767 1099 3826; x_wconf 86' lang='lat' dir='ltr'>effloruisse.</span> 
     </span>
    </p>

    <p class='ocr_par' dir='ltr' id='par_1_3' title="bbox 116 3849 1154 4191">
     <span class='ocr_line' id='line_1_40' title="bbox 197 3849 1151 3928; baseline 0.002 -19"><span class='ocrx_word' id='word_1_344' title='bbox 197 3852 228 3912; x_wconf 85' lang='lat' dir='ltr'>P.</span> <span class='ocrx_word' id='word_1_345' title='bbox 244 3858 336 3915; x_wconf 71' lang='lat' dir='ltr'>ean.</span> <span class='ocrx_word' id='word_1_346' title='bbox 351 3857 420 3915; x_wconf 81' lang='lat'><strong>112.</strong></span> <span class='ocrx_word' id='word_1_347' title='bbox 441 3849 622 3911; x_wconf 81' lang='lat' dir='ltr'>VALuRtA.</span> <span class='ocrx_word' id='word_1_348' title='bbox 640 3851 674 3910; x_wconf 90' lang='lat' dir='ltr'>L.</span> <span class='ocrx_word' id='word_1_349' title='bbox 685 3851 719 3912; x_wconf 87' lang='lat' dir='ltr'>L.</span> <span class='ocrx_word' id='word_1_350' title='bbox 735 3851 1017 3928; x_wconf 71' lang='lat' dir='ltr'>oneratutteg.</span> <span class='ocrx_word' id='word_1_351' title='bbox 1033 3851 1151 3911; x_wconf 81' lang='lat' dir='ltr'><strong>VALE·</strong></span> 
     </span>
     <span class='ocr_line' id='line_1_41' title="bbox 116 3934 1151 4015; baseline 0 -21"><span class='ocrx_word' id='word_1_352' title='bbox 116 3934 215 3995; x_wconf 77' lang='lat' dir='ltr'>ulau.</span> <span class='ocrx_word' id='word_1_353' title='bbox 260 3936 373 3995; x_wconf 88' lang='lat' dir='ltr'>Nomen</span> <span class='ocrx_word' id='word_1_354' title='bbox 398 3940 524 4014; x_wconf 83' lang='lat' dir='ltr'>Grcplu&#39;s</span> <span class='ocrx_word' id='word_1_355' title='bbox 546 3938 653 4014; x_wconf 82' lang='lat' dir='ltr'>legitur</span> <span class='ocrx_word' id='word_1_356' title='bbox 674 3938 909 4015; x_wconf 83' lang='lat' dir='ltr'>ininscriptione</span> <span class='ocrx_word' id='word_1_357' title='bbox 930 3936 1016 4009; x_wconf 72' lang='lat' dir='ltr'>Grut.</span> <span class='ocrx_word' id='word_1_358' title='bbox 1030 3941 1102 4010; x_wconf 79' lang='grc'>966,</span> <span class='ocrx_word' id='word_1_359' title='bbox 1121 3943 1151 4009; x_wconf 78' lang='lat'>2,</span> 
     </span>
     <span class='ocr_line' id='line_1_42' title="bbox 116 4018 1153 4101; baseline 0.004 -23"><span class='ocrx_word' id='word_1_360' title='bbox 116 4030 147 4078; x_wconf 90' lang='lat' dir='ltr'>et</span> <span class='ocrx_word' id='word_1_361' title='bbox 169 4023 243 4079; x_wconf 90' lang='lat' dir='ltr'>iusta</span> <span class='ocrx_word' id='word_1_362' title='bbox 265 4021 352 4081; x_wconf 90' lang='lat' dir='ltr'>dativi</span> <span class='ocrx_word' id='word_1_363' title='bbox 375 4023 467 4083; x_wconf 86' lang='lat' dir='ltr'>forma</span> <span class='ocrx_word' id='word_1_364' title='bbox 487 4024 632 4100; x_wconf 82' lang='lat' dir='ltr'>Groplu&#39;di</span> <span class='ocrx_word' id='word_1_365' title='bbox 650 4020 731 4081; x_wconf 87' lang='lat' dir='ltr'>Grut.</span> <span class='ocrx_word' id='word_1_366' title='bbox 754 4018 845 4092; x_wconf 69' lang='lat'>1135,</span> <span class='ocrx_word' id='word_1_367' title='bbox 869 4026 899 4083; x_wconf 89' lang='lat'>3.</span> <span class='ocrx_word' id='word_1_368' title='bbox 946 4021 1041 4101; x_wconf 85' lang='lat' dir='ltr'>Saepe</span> <span class='ocrx_word' id='word_1_369' title='bbox 1059 4034 1153 4089; x_wconf 77' lang='lat' dir='ltr'>auteur</span> 
     </span>
     <span class='ocr_line' id='line_1_43' title="bbox 117 4103 1154 4191; baseline 0.003 -30"><span class='ocrx_word' id='word_1_370' title='bbox 117 4103 237 4165; x_wconf 85' lang='lat' dir='ltr'>llomnni</span> <span class='ocrx_word' id='word_1_371' title='bbox 250 4106 434 4191; x_wconf 66' lang='lat' dir='ltr'>¹(iratecorum</span> <span class='ocrx_word' id='word_1_372' title='bbox 462 4109 604 4167; x_wconf 88' lang='lat' dir='ltr'>nominum</span> <span class='ocrx_word' id='word_1_373' title='bbox 630 4107 827 4172; x_wconf 85' lang='lat' dir='ltr'>femininorum</span> <span class='ocrx_word' id='word_1_374' title='bbox 852 4107 880 4165; x_wconf 89' lang='lat' dir='ltr'>in</span> <span class='ocrx_word' id='word_1_375' title='bbox 902 4109 930 4168; x_wconf 80' lang='lat' dir='ltr'>is</span> <span class='ocrx_word' id='word_1_376' title='bbox 950 4110 1106 4186; x_wconf 77' lang='lat' dir='ltr'>genitivum</span> <span class='ocrx_word' id='word_1_377' title='bbox 1123 4116 1154 4164; x_wconf 85' lang='lat' dir='ltr'>et</span> 
     </span>
    </p>
   </div>
   <div class='ocr_carea' id='block_1_3' title="bbox 0 0 1387 4718">
    <p class='ocr_par' dir='ltr' id='par_1_4' title="bbox 0 0 1387 4718">
     <span class='ocr_line' id='line_1_44' title="bbox 0 0 1387 4718; baseline 0 0"><span class='ocrx_word' id='word_1_378' title='bbox 0 0 1387 4718; x_wconf 95' lang='lat' dir='ltr'> </span> 
     </span>
    </p>
   </div>
  </div>
 </body>
</html>
