2722 4718
588 322 598 335 Ι

515 512 724 522 -you-n--u-u

112 636 272 708 destinatas,
290 635 355 695 dum
373 639 432 695 vita
449 637 603 707 frueretur,
628 656 708 715 quam
728 639 849 696 maxime
869 657 935 696 usus
956 652 1009 724 est,
1037 641 1149 699 aurilici

112 732 220 781 autem·
232 742 302 800 prae
331 722 438 779 ceteris
461 722 617 778 convenire
644 723 792 792 trutinam,
825 723 965 780 neminem
992 735 1087 802 potest
1108 725 1150 782 lu·

112 803 205 884 gere.¹
240 807 378 883 Exempla
402 806 482 863 buius
505 824 586 874 usus,
610 806 656 883 qui
680 807 767 863 etiam
789 804 863 883 apud
882 807 1053 866 christianos
1071 810 1150 867 inva-

112 893 177 963 luit,
206 890 281 948 uude
304 890 410 947 factum
433 901 492 961 est,
521 892 554 947 'ut
576 901 676 967 postea
699 882 767 948 talia
785 892 971 949 instrumenta
989 912 1042 969 pro
1060 894 1151 969 signia

109 976 242 1053 martyrii
260 974 444 1046 haberentur,
468 975 548 1057 large
570 995 651 1033 mann
671 976 818 1052 congessit
839 975 873 1034 ΙΙ.
898 975 1057 1035 Rocbettus
1076 978 1108 1052 (Ι.
1127 977 1149 1036 Ι.

36 1085 39 1091 ·
109 1082 140 1140 p.
162 1058 310 1138 7ttsqq.).
356 1059 469 1118 Corona
492 1062 582 1137 igitur
604 1081 672 1130 non,
701 1071 731 1118 ut
756 1059 1037 1139 apud-christianos,
1066 1081 1152 1139 prae·

110 1147 208 1216 urium,
237 1143 312 1222 quod
335 1155 432 1222 sperat
450 1145 617 1215 defunctus,
642 1146 798 1223 significat,
827 1145 878 1203 secl
898 1165 965 1204 cum·
983 1146 1058 1224 apud
1076 1148 1160 1204 anti:

112 1251 183 1308 quos
205 1231 292 1287 moris
314 1231 417 1300 fuerit,
450 1232 572 1288 tumulos
599 1241 629 1289 et
656 1233 755 1308 cippos
778 1242 952 1289 mortuorum
980 1233 1097 1290 lloribus
1121 1243 1151 1290 et

111 1317 196 1374 sertis
220 1319 339 1386 ornere,
368 1316 443 1372 bunc
466 1317 545 1393 quasi
569 1326 733 1393 perpetuum
758 1326 885 1373 ornatum
905 1318 974 1373 artis
994 1334 1080 1394 opera
1102 1335 1151 1374 re·

110 1395 339 1478 praesentabant.
388 1400 493 1458 Verum
514 1400 561 1458 ubi
585 1393 658 1457 idc'm
678 1398 713 1457 V.
734 1398 769 1456 D.
791 1399 826 1457 ‹le
850 1400 1010 1478 symbolico
1028 1402 1152 1460 trutinae

111 1505 163 1543 usu
181 1485 255 1563 apud
272 1496 387 1543 veteres
406 1487 468 1563 egit
486 1484 576 1563 (bion.
593 1483 672 1543 laed.
691 1505 721 1562 p.
734 1484 810 1562 215)
830 1496 1011 1543 monumento
1031 1485 1151 1562 quodam

111 1570 184 1628 banc
208 1572 235 1627 in
265 1589 325 1628 rem
352 1589 418 1628 usus
446 1578 503 1639 est,
530 1567 608 1647 quod
635 1570 703 1626 mihi
727 1570 812 1647 longe
840 1570 931 1628 aliter·
952 1569 1152 1647 explicandum

111 1673 177 1713 esse
199 1653 325 1712 videtur.
372 1654 422 1710 Est
444 1653 519 1730 apud
541 1653 685 1711 Malleium
710 1653 793 1724 (Mus.
817 1652 887 1711 Ver.
917 1659 987 1725 139,
1014 1662 1042 1730 l)
1068 1657 1149 1734 lapis,

25 1768 30 1772 ·
111 1741 140 1798 in
164 1758 220 1816 quo
239 1738 338 1794 mortis
357 1738 452 1814 imago
471 1747 566 1802 exstat
583 1738 668 1794 solito
687 1757 766 1794 more
790 1737 895 1808 efficta,
915 1740 1150 1809 iuvenis‘alatus‚

112 1813 264 1895 dormienti
287 1822 400 1893 similis,
425 1823 472 1901 qui
492 1821 588 1880 cubito
611 1822 668 1880 faci
691 1822 823 1881 inversae
846 1823 960 1880 innixus
982 1819 1161 1900 requiescit*
1204 1871 1227 1891 Α

112 1904 207 1986 Supra¹
229 1907 303 1965 banc
326 1908 478 1986 imaginem
496 1907 589 1965 altera
607 1917 652 1965 cst
673 1907 791 1965 minoris
809 1906 950 1989 ambitus.¹
987 1908 1022 1966 ΙΙΙ
1037 1928 1153 1966 scamno

81 2024 82 2027 =
111 1992 232 2070 quodam
256 1992 388 2069 longiora
412 1990 495 2051 sedet
517 1994 562 2050 vir
579 2003 694 2070 togatus
712 1994 845 2051 trutinam
864 2003 964 2059 tenens
983 1994 1065 2051 unius
1088 2004 1153 2050 tan-

53 2090 56 2102 “
111 2089 170 2145 tum
196 2072 584 2157 lancis'(poronloiottyyot),
608 2079 722 2137 sinistra
747 2097 829 2135 manu
853 2097 973 2136 examen
996 2081 1151 2150 sustinens,

109 2160 202 2220 altera
220 2160 349 2238 pondera
368 2181 421 2240 per
439 2163 517 2239 scapi
537 2173 640 2239 puncta
659 2182 783 2241 aequans
804 2165 854 2234 (cl.
874 2164 996 2221 Casaub.
1015 2164 1051 2222 ad
1071 2165 1151 2221 Pers.

111 2244 136 2316 I,
157 2250 196 2321 6).
240 2246 285 2303 Ab
304 2246 394 2302 altera
413 2247 519 2303 scamni
537 2257 618 2322 parte
637 2266 737 2321 magna
760 2258 825 2303 rota
844 2249 956 2317 visitur,
985 2267 1057 2324 quae
1082 2269 1152 2306 con-

111 2327 208 2390 iuncte
228 2349 289 2387 cnm
309 2348 424 2387 scamno
444 2325 508 2387 essa
526 2327 650 2401 videtur,
669 2348 767 2387 verunt
779 2349 842 2386 cum
860 2330 1019 2388 fractumb.
1039 2332 1057 2389 Ι.
1077 2351 1152 2389 mar·

111 2417 237 2486 mersit,
257 2416 420 2472 accuratius
437 2415 507 2472 nibil
528 2425 626 2493 potest
647 2415 742 2473 statui.
787 2413 919 2493 Denique
937 2416 966 2473 in
985 2416 1040 2475 ima
1057 2417 1152 2475 tabula

111 2502 183 2560 baec
206 2499 367 2577 subscripta
386 2509 467 2557 sunt:

514 2584 546 2644 C.
570 2583 750 2663 Fleantvs,

510 2706 513 2710 ·
557 2669 708 2729 HMHNS

111 2775 183 2834 quaa
210 2757 265 2814 iam
292 2766 406 2814 exstant
432 2754 505 2833 apud
534 2755 684 2840 Gruterum
712 2760 795 2831 (911,
816 2760 878 2827 17).
932 2755 985 2814 liic
1012 2747 1153 2834 igiturll.
1204 2824 1210 2837 „

112 2840 270 2900 Roebettus
291 2852 382 2899 rotam
405 2852 434 2898 et
453 2842 584 2897 trutinam
604 2840 732 2918 symbola
750 2843 849 2897 mortis
868 2851 899 2897 et
915 2839 1047 2899 Nemesis
1065 2861 1153 2919 agno·

112 2926 177 2984 scit.
225 2924 299 2998 Quid
318 2919 353 2982 de
372 2935 436 2982 rota
454 2923 631 2982 statuendum
651 2926 701 2994 sit,
722 2926 834 2994 nescio,
855 2943 922 2996 nec,
947 2945 1010 2982 curn
1030 2940 1154 2984 marmor

112 3011 233 3068 fractum
252 3011 302 3081 sit,
326 3021 435 3068 certum
452 3009 559 3087 aliquid
577 3010 662 3066 statui
681 3027 767 3084 posse
785 3008 911 3077 videtur,
935 3011 1068 3067 trutinam
1087 3011 1153 3088 quin

112 3094 276 3171 symbolice
299 3095 439 3172 explicent
464 3115 499 3154 ea
521 3115 553 3153 re
576 3093 733 3172 impedior,
762 3095 826 3171 quia
854 3104 967 3172 aperte,
996 3106 1027 3152 ut
1052 3114 1089 3152 ex
1116 3095 1153 3151 iis

113 3179 199 3237 etiam
228 3197 300 3254 quac
326 3180 408 3236 attuli
439 3180 579 3250 elucebit,
607 3181 652 3238 vir
679 3188 792 3256 togatus
824 3181 937 3238 effictus
969 3190 1013 3238 est
1044 3190 1075 3237 ut
1105 3179 1152 3258 qui

112 3283 173 3322 rem
193 3259 331 3341 quandam
350 3264 455 3320 trutina
479 3265 635 3335 examinet,
659 3275 688 3322 ct
705 3266 868 3322 accuratius
891 3262 1055 3340 inspicienti
1073 3274 1154 3342 pate·
1184 3301 1189 3311 ·

112 3349 168 3419 bit,
196 3349 306 3405 lancem
329 3346 414 3425 rebus
437 3347 602 3425 quibusdam
627 3351 741 3406 minutis
765 3348 903 3425 repletam
926 3368 1001 3406 csse.
1047 3348 1153 3405 luseri-

112 3434 175 3511 ptio
194 3443 301 3499 autem,
325 3432 354 3488 ni
373 3432 471 3502 fallor,
496 3443 603 3489 rectam
622 3433 886 3510 interpretationem
906 3443 1052 3490 monstrat.
1098 3431 1154 3490 So·‘

113 3517 211 3576 lebant
230 3517 303 3573 enim
323 3517 430 3595 antiqui
449 3518 477 3588 in
496 3517 567 3574 artis
585 3521 787 3589 monumentis,
810 3517 938 3595 inprimis
958 3519 985 3574 in
1004 3516 1153 3592 sepulcris,

112 3603 180 3660 talia
204 3611 437 3678 repraesentare,
461 3618 534 3680 quae
552 3599 593 3658 'ad
611 3621 712 3660 nomen
735 3604 809 3672 eius,
834 3603 887 3680 qui⁴
902 3602 949 3660 vel
968 3602 1089 3669 iecerat,
1107 3600 1153 3658 vel

26 3720 28 3725 ·
114 3685 314 3755 dedicaverat,
335 3686 449 3743 cuiusve
476 3687 631 3743 memoriae
659 3685 754 3744 dicata
781 3698 875 3762 erant,
904 3687 995 3763 magis
1026 3687 1152 3743 minusve

112 3781 191 3830 tecte
210 3769 384 3839 alluderent,
408 3781 438 3828 et
458 3770 514 3829 boc
533 3766 648 3847 geuene
666 3771 705 3827 ita
727 3773 818 3859 gavisi
837 3782 913 3842 sunt,
942 3781 972 3828 ut
991 3771 1073 3827 nobis
1092 3771 1154 3848 qui-

51 3870 56 3877 ’
114 3854 177 3914 dem
197 3876 283 3933 saepe
302 3856 453 3933 pueriliter
475 3855 574 3914 lusisse
597 3853 755 3913 videantur.
802 3856 881 3927 Quae
901 3875 948 3913 res
968 3876 1029 3912 cum
1050 3854 1084 3912 ab
1103 3874 1153 3912 an-

113 3943 280 4018 tiquissimis
304 3940 369 3998 iude
394 3941 569 4018 temporibus
584 3960 676 4021 ¹usque
699 3938 734 3998 ad
758 3941 913 3998 christiana
932 3951 1087 4017 propagata
1106 3943 1152 4010 sit,

114 4035 145 4083 ct
163 4043 179 4080 a
197 4025 290 4082 multis
303 4025 366 4083 VV.
381 4025 443 4084 ΙΙΙ).
454 4024 660 4095 animadversa,
678 4045 694 4082 a
713 4026 826 4083 nominc
845 4036 937 4082 tamen
958 4027 1065 4083 maiore
1084 4042 1153 4082 cura

114 4120 146 4169 et
164 4106 313 4186 diligentia
334 4114 531 4189 pervestigata
552 4121 611 4183 est,
630 4120 717 4190 'quam
739 4109 775 4169 ab
797 4111 859 4189 ipso
884 4109 917 4169 tt.
938 4111 1080 4170 Rocbetto
1101 4108 1152 4182 (cl.

923 4232 942 4291 6
