2722 4718
634 439 714 486 xm

578 523 630 532 ...-

155 644 253 728 lexit,
291 652 439 726 quantum
470 645 522 708 bic
547 651 684 709 restaret
713 642 905 723 faciendum,
938 665 1038 724 neque
1068 643 1203 708 multrnn

156 749 189 810 in
208 768 247 811 eo
265 748 368 810 studio
381 748 532 826 temporis
547 747 729 823 consumsit,
746 748 820 825 quin
839 752 1035 828 agnosceret,
1048 744 1111 808 hoc
1129 767 1201 810 esse

156 851 208 912 cui
234 851 333 911 vitam
362 847 568 928 impenderet.
612 846 777 912 ludelesso
804 839 899 929 igitur
925 845 1029 909 studio
1058 848 1202 925 quiequid

155 951 397 1030 inscriptionum
420 950 559 1012 nancisci
579 951 680 1028 potuit
706 949 830 1012 curiose
854 952 888 1010 et
910 946 1079 1030 diligenter
1101 947 1202 1011 oculis

157 1050 365 1130 manibusque
395 1052 600 1130 pertractavit
630 1057 663 1114 et
688 1053 736 1113 iu·
753 1047 887 1112 schedas
911 1050 1094 1128 descripsit,
1126 1070 1203 1128 quas

159 1153 245 1214 domi
275 1155 388 1214 iterum
416 1149 555 1233 eleganti
581 1172 674 1217 mauu
701 1133 894 1214 describeret
920 1160 953 1214 et
978 1153 1061 1213 iusto
1092 1152 1204 1215 ordine

159 1253 357 1332 disponeret,
376 1274 478 1332 neque
494 1274 631 1332 uuquam
648 1253 715 1314 lere
732 1251 784 1314 vel
802 1251 960 1316 tantillum
979 1254 1072 1316 domo
1091 1273 1203 1331 exspa-

157 1356 256 1417 tiatus
274 1360 338 1432 est,
366 1356 438 1433 quin
456 1375 551 1417 unam
575 1351 770 1433 alteramque
786 1355 1029 1436 inscriptionem
1056 1361 1203 1417 accurata

159 1455 348 1534 descriptam
382 1463 570 1535 reportaret.
619 1455 712 1519 Hanc
743 1475 810 1518 rem
841 1463 906 1518 tam
942 1458 1064 1519 intento
1099 1457 1204 1518 studio

138 1561 142 1566 ’
158 1562 286 1636 tamque
305 1563 426 1620 attento
445 1560 550 1620 animo
569 1558 644 1640 egit,
663 1569 698 1620 ut
716 1564 816 1619 artem
832 1557 971 1635 videndi,
990 1579 1070 1637 quae
1088 1559 1119 1619 in
1135 1554 1206 1619 aliis

158 1658 253 1721 rebus
279 1665 365 1721 recte
390 1660 496 1741 magni
522 1661 688 1720 aestimata
717 1660 751 1719 in
782 1657 980 1739 epigraphice
1010 1660 1078 1721 sine
1109 1657 1206 1720 dubio

159 1760 342 1838 primarium
366 1755 472 1819 locum
497 1757 595 1820 habet
621 1767 653 1820 et
675 1756 769 1842 longe
791 1755 953 1821 difficilior
974 1766 1038 1835 est,
1065 1779 1157 1838 quam
1177 1761 1206 1821 is

159 1859 269 1922 eredat
291 1859 343 1937 qui
364 1858 585 1938 inscriptiones
608 1880 648 1921 ex
669 1857 758 1921 libris
780 1865 903 1922 tantum
920 1861 1086 1938 tractavit,
1114 1880 1205 1943 egre-

159 1962 212 2044 gIe
236 1980 315 2022 mox
341 1957 480 2024 calleret.
525 1959 639 2043 Longa
664 1961 749 2022 euim
775 1960 1004 2024 exercitatione
1028 1969 1060 2024 et
1081 1968 1205 2024 attenta

114 2052 117 2057 ¹
161 2082 238 2124 eura
263 2082 340 2140 opus
367 2068 429 2134 est,
456 2062 541 2125 utin
558 2059 730 2141 lapidibus,
757 2064 908 2142 temporis
931 2069 963 2126 et
984 2069 1206 2140 tempestatum

161 2164 284 2225 iniuriis
312 2169 345 2224 et
365 2161 528 2225 bominum
550 2184 671 2243 quoque
688 2161 807 2225 scelere
824 2185 920 2243 saepe
938 2165 1073 2243 pessime
1091 2170 1208 2226 tracta·
1317 2168 1319 2173 '

162 2264 217 2342 tis,
233 2265 400 2341 inscriptas
417 2262 538 2326 litteras
558 2284 703 2326 corrosas
726 2271 758 2326 et
775 2285 875 2343 paene
893 2264 1015 2328 deletas
1032 2275 1118 2327 recte
1136 2265 1208 2327 ubi-

164 2386 223 2444 que
246 2383 418 2448 agnoscas,
446 2371 479 2425 et
500 2384 594 2442 saepe
617 2365 717 2444 digito
740 2362 862 2427 artifice
888 2365 1038 2428 utendum
1064 2374 1127 2441 est,
1153 2365 1209 2428 ubi

160 2465 340 2529 litterarum
360 2465 497 2546 vestigia
522 2484 622 2542 paene
649 2461 756 2542 deleta
779 2462 940 2526 oculorum
960 2468 1061 2528 aciem
1082 2464 1208 2544 fallunt,
1239 2538 1242 2544 Ι

163 2567 298 2644 denique
324 2586 447 2626 summa
475 2565 578 2625 cautio
600 2562 780 2626 adhibenda
802 2569 866 2642 est,
896 2585 936 2627 ue
957 2567 991 2627 in
1014 2567 1082 2643 ipso
1104 2573 1209 2628 trans·
1248 2587 1252 2603 “

161 2664 321 2730 scribendi
336 2685 443 2743 opere,
456 2665 643 2743 praesertim
656 2663 710 2725 ubi
723 2661 882 2746 longiores
897 2666 1116 2746 inscriptiones
1124 2675 1209 2744 sunt,

113 2775 115 2779 ’
161 2765 295 2830 fallaris.
338 2763 447 2843 Adde,
475 2765 565 2843 quod¹
579 2764 663 2828 baud
685 2785 759 2826 raro
777 2762 876 2843 tituli,
902 2768 929 2828 si
948 2786 968 2827 a
984 2770 1101 2829 muscis
1119 2789 1209 2831 rece·

164 2867 237 2945 das,
263 2868 310 2928 ita
330 2869 425 2946 positi
448 2874 536 2943 sunt,
563 2866 736 2928 utaditum
758 2887 860 2944 paene
883 2865 1002 2930 nullum
1024 2867 1209 2947 praebeant,

164 2976 197 3031 et
213 2969 341 3031 summis
363 2965 516 3029 molestiis
538 2965 748 3029 laborandum
765 2967 820 3039 sit,
844 2969 870 3028 si
889 2970 956 3046 quis
975 2990 993 3030 a
1012 2969 1210 3032 describendi

164 3089 260 3148 opera
276 3090 339 3131 nou
357 3068 491 3131 desistit.
535 3065 657 3130 Verum
673 3066 723 3131 his
742 3091 779 3131 ac
796 3067 951 3132 similibus
971 3068 1214 3134 difficultatibus·

164 3191 228 3233 uon
250 3190 362 3249 passus
384 3177 434 3232 est
454 3191 489 3231 se
508 3168 679 3232 absterreri
697 3167 959 3249 Kellermannus,
980 3173 1077 3234 immo
1100 3173 1211 3235 stimus·

163 3269 276 3334 labant
291 3272 439 3347 animum,
463 3277 496 3333 et
513 3273 616 3333 carius
634 3269 774 3333 babebat
792 3273 935 3352 quicquid
954 3294 1074 3335 summo
1095 3271 1215 3335 labore

166 3374 384 3451 acquisiverat.
428 3371 539 3450 Itaque
561 3370 641 3434 nihil
663 3374 853 3436 intentatum
875 3371 1016 3451 reliquit,
1045 3383 1080 3435 ut
1096 3374 1211 3447 inscri-

164 3475 288 3553 ptiones
316 3474 479 3554 detegeret
505 3479 538 3534 et
560 3472 769 3551 describeret,
797 3472 874 3537 nibil
896 3480 961 3535 tam
985 3474 1126 3549 devium,
1144 3479 1211 3536 tam

165 3574 325 3637 desertum
345 3574 419 3649 fuit,
446 3593 507 3651 quo
525 3593 590 3635 non
607 3581 803 3652 penetraret,
821 3577 850 3637 si
866 3572 1030 3637 titulorum
1048 3575 1210 3651 acquiren-

166 3675 277 3738 dorum
299 3694 370 3754 spes
392 3671 571 3747 affulserat,
595 3694 659 3736 non
683 3695 809 3753 operae,
829 3697 892 3738 non
911 3696 1020 3751 curae,
1047 3694 1111 3736 non
1129 3681 1209 3739 tem·

164 3779 235 3856 pori
256 3777 411 3856 pepercit,
437 3781 473 3838 ut
487 3774 639 3853 quicquid
655 3774 780 3838 videret
795 3775 1034 3859 diligentissime
1052 3775 1210 3840 describe·

166 3885 230 3955 ret,
254 3877 444 3956 descriptum
461 3878 578 3939 iterum·
593 3878 768 3954 iterumque
786 3878 958 3951 conferret,
986 3877 1086 3941 donec
1104 3889 1210 3944 certus

100 4004 102 4009 >
166 3986 265 4056 esset,
293 3982 398 4042 omnia
416 4000 466 4058 se,
493 3978 575 4058 quod
598 3979 703 4056 aiunt,
732 3998 801 4040 cum
823 3977 996 4057 pulvisculo
1019 3983 1210 4059 excussisse,

166 4098 268 4158 neque
288 4083 452 4161 quiequam
473 4101 493 4142 a
515 4100 550 4143 se
572 4081 827 4160 praetermissum
849 4099 919 4144 esse
941 4079 992 4146 vel
1018 4080 1209 4166 neglectum.
