2722 4718
503 401 657 452 ‚XV

514 484 727 497 ...u-...nas—

75 653 83 667 2
107 611 250 677 conferre
267 612 397 692 incepit.
433 607 506 686 Qua
522 611 555 674 in
572 632 608 674 re
625 630 688 704 non
705 609 807 689 potuit
824 628 894 670 eum
911 607 1033 691 fugere,
1052 628 1149 688 quan·

105 716 148 778 tis
165 711 421 792 difficultatibus,
438 720 475 779 ut
491 732 575 775 nunc
591 731 643 774 res
661 731 696 773 se
713 709 848 788 babent,
870 709 1008 773 studium
1026 713 1149 796 epigra.

105 813 213 894 phices
230 822 402 896 prematur.
446 810 530 877 Nam
546 819 582 876 ut
598 814 741 890 omittas,
767 830 971 891 permagnum
989 832 1151 877 numerum

107 936 217 979 aarum
234 918 489 996 inscriptionum,
512 935 592 993 quae
609 914 732 997 magnis
750 910 813 975 illis
831 910 1069 977 collectionibus
1088 934 1151 979 non
1184 903 1192 917 ²
1269 996 1273 1002 ᾖ

106 1020 323 1097 continentur,
353 1017 410 1081 sed
438 1017 472 1080 in
500 1016 672 1079 innumeris
702 1012 833 1092 libellis,
864 1013 1150 1096 dissertationibus,

106 1118 358 1198 ephemeridibus
377 1119 482 1182 editae
499 1124 584 1196 sunt,
601 1118 708 1196 paucis
726 1122 848 1179 tantum
866 1124 975 1178 notum
989 1137 1072 1194 esse,
1085 1138 1153 1181 om·

107 1240 165 1283 nes
182 1222 236 1283 vix
252 1222 307 1283 uni
325 1220 489 1300 alterique,
512 1220 698 1299 praesertim
715 1219 749 1280 in
768 1215 950 1294 Germania,
970 1236 1031 1296 qno
1049 1217 1151 1282 libelli
1233 1216 1237 1223 ’

108 1318 212 1384 Italici
232 1342 296 1385 non
318 1324 379 1385 nisi
399 1342 473 1384 raro
495 1322 640 1399 veniunt,
668 1318 751 1380 baud
771 1339 900 1397 parvam
921 1319 1016 1400 igitur
1042 1321 1152 1383 inscri-

107 1424 251 1501 ptionum
281 1431 464 1487 cunctarum
493 1429 615 1502 partem
643 1422 677 1483 in
702 1440 793 1485 usum
818 1421 959 1482 virorum
986 1420 1150 1485 doctorum

66 1526 71 1538 '
107 1543 173 1585 nou
201 1526 344 1603 venisse,
374 1527 471 1588 etiam
500 1525 634 1585 istarum
667 1519 887 1584 collectionum
917 1540 994 1585 usus
1029 1525 1151 1605 magnis

106 1622 262 1687 molestiis
280 1624 418 1689 laborat.
460 1623 600 1687 Primum
616 1622 701 1686 band
717 1623 808 1700 parvi
825 1623 977 1684 momenti
990 1630 1050 1701 est,
1068 1624 1152 1703 quod

107 1720 264 1803 quaedam
281 1746 389 1791 earum
405 1723 559 1786 indicibus
577 1730 698 1800 carent,
717 1743 779 1801 qua
794 1743 829 1784 re
847 1742 921 1784 usus
936 1743 1044 1787 earum
1058 1723 1153 1789 valde

109 1827 323 1904 imminuitur,
359 1846 429 1887 cum
460 1826 522 1885 nisi
553 1830 655 1886 totum
684 1821 966 1904 opus-perlegeris
995 1844 1167 1903 nunqnam,

114 1937 218 1989 certus
250 1946 320 1989 esse
347 1927 464 2004 possis,
492 1945 567 1987 num
594 1924 666 2002 quid
697 1923 880 1986 contineant
909 1924 992 2002 qnod
1023 1926 1056 1987 in
1085 1948 1153 1990 rem

108 2034 196 2095 tuam
226 2026 332 2090 iaciat.
384 2024 554 2088 Molestius
584 2027 679 2087 etiam
711 2023 772 2087 boc
802 2032 865 2100 est,
897 2025 980 2102 quod
1014 2027 1151 2105 pennul-

56 2140 57 2145 ’
107 2137 161 2191 tae
194 2130 435 2207 inscriptiones,
469 2127 524 2190 ubi
554 2148 572 2189 e
607 2125 749 2188 diversis·
772 2124 913 2188 fontibus
944 2126 1151 2204 ducebantur,

107 2230 222 2309 partim
255 2231 288 2292 in
324 2229 435 2292 eodem
466 2249 576 2308 opere,
607 2229 721 2306 partim
752 2229 785 2289 in
821 2226 955 2291 diuersis
990 2228 1153 2293 collectio·

108 2329 201 2393 nibus
223 2332 378 2409 repetitae
398 2328 559 2412 leguntur,
586 2328 681 2391 modo
709 2328 761 2392 hic
788 2326 851 2389 illic
875 2336 1030 2408 mutatae,
1057 2333 1153 2394 modo

109 2431 221 2495 eadem
248 2431 362 2511 ubique
388 2420 513 2493 ratione
541 2449 728 2507 expressae,
755 2449 850 2506 porro
872 2431 955 2507 quod
976 2430 1154 2514 longiorum

109 2533 349 2612 inscriptionum
370 2531 514 2593 diversae
530 2537 636 2609 partes
653 2547 710 2606 pro
729 2529 858 2608 integris
876 2529 960 2591 baud
976 2551 1049 2592 raro
1067 2554 1156 2611 repe.

109 2640 228 2695 tantur.
273 2629 364 2706 Quae
382 2631 522 2694 confusio
542 2637 674 2709 quantas
695 2627 859 2693 molestias
883 2638 969 2693 creet
991 2633 1019 2692 ei
1042 2635 1095 2712 qni
1116 2636 1156 2697 iis

109 2735 157 2794 uti
170 2730 258 2809 velit,
274 2741 349 2811 quot
366 2739 398 2796 et
417 2739 548 2811 quantas
567 2731 607 2794 de
623 2753 701 2795 vera
717 2729 854 2794 lectione
872 2731 1068 2797 dubitatione
1087 2757 1155 2799 sus·
1179 2748 1185 2757 “
1262 2713 1268 2724 ’

109 2836 209 2897 citare
227 2832 357 2911 debeat,
375 2832 469 2897 facile
487 2832 651 2912 apparebit
668 2835 764 2894 etiarn
782 2833 812 2916 ei
840 2835 891 2911 qui
918 2854 1076 2912 nunquam
1098 2853 1155 2900 ex-

35 2988 40 2995 .
110 2944 218 3014 pertus
232 2941 290 2997 est.
314 2933 464 2997 Omnium
481 2942 592 3000 autem⁴
604 2935 823 3016 gravissimum
841 2941 901 3010 est,
916 2935 1001 3013 quod
1018 2935 1156 3017 Pyrrbi
1240 3000 1247 3020 ‚.

109 3035 258 3118 Ligorii
279 3033 405 3099 fraudes
423 3037 468 3099 ita
485 3038 699 3114 imposuerunt
716 3032 861 3112 Ursinio,
889 3034 1057 3113 Panvinio,
1083 3034 1160 3127 Mae·

110 3137 199 3221 nutio
217 3135 350 3220 aliisque
370 3139 446 3201 viris
464 3135 694 3201 honestissimis
714 3145 746 3198 et
762 3137 990 3228 integerrimis,
1016 3137 1056 3201 de
1078 3160 1154 3218 qno·

20 3240 30 3248 '
111 3257 180 3303 rum
201 3234 267 3301 fide
290 3238 434 3301 dubitare
452 3236 610 3316 piaculum
628 3239 727 3314 foret,
754 3244 789 3300 ut
806 3256 921 3331 eorum,
933 3258 1031 3316 opera
1047 3242 1155 3303 omnia

16 3376 25 3385 ν
110 3340 176 3403 iarn
197 3337 322 3419 repleta
345 3341 409 3401 sint
430 3337 685 3417 inscriptionibus
707 3334 808 3411 fictis,
836 3358 915 3416 quae
938 3360 1009 3401 cum
1035 3338 1154 3405 nullam
1219 3326 1225 3333 ⁵

111 3442 332 3505 auctoritatem
346 3438 497 3516 babeant,
515 3443 622 3503 omnia
638 3448 744 3502 tamen
761 3442 807 3500 ita
823 3439 958 3501 miscent
975 3447 1007 3502 et
1023 3441 1155 3510 coniun-

112 3539 207 3618 dunt,
232 3548 269 3605 ut
289 3543 316 3604 is
340 3541 393 3618 qui
415 3539 464 3602 bis
482 3539 578 3602 rebus
600 3549 769 3620 occupatus
791 3547 855 3617 est,
880 3541 908 3600 si
934 3541 1058 3617 quando
1084 3550 1157 3621 post

62 3637 64 3644 '
111 3638 276 3711 diuturnm
300 3639 600 3720 molestissimasqne
626 3645 825 3746 quaestiones
851 3641 883 3703 id
909 3648 1073 3705 assecutus
1096 3651 1159 3729 cst,

112 3747 149 3805 ut
177 3739 260 3807 banc
288 3739 401 3807 talium
429 3738 667 3820 inscriptionum
697 3744 850 3827 originem
882 3750 968 3806 certo
1004 3752 1155 3826 agnoscat

112 3842 315 3922 ipsasqueut
330 3841 465 3907 ficticias
486 3845 618 3910 relicere
636 3845 750 3925 possit,
776 3843 903 3907 felicem
920 3865 955 3906 sc
973 3845 1155 3922 praedicare

115 3941 239 4015 debeat.
283 3943 333 4008 lta
363 3945 574 4024 factumest,
605 3953 641 4008 ut
667 3945 837 4027 hodieque,
868 3966 940 4008 cnm
971 3967 1010 4009 ex
1036 3949 1075 4010 lis
1102 3951 1155 4027 qni

112 4063 248 4139 magnas
284 4047 520 4127 inscriptionum
558 4047 762 4112 collectiones
794 4046 957 4111 ediderunt
992 4048 1053 4114 soli
1086 4048 1155 4113 lere
