2722 4718
708 408 785 458 XVI

637 491 846 501 mnan-

222 612 374 679 Mati'eius
398 621 433 676 et
458 611 613 678 Marinius
639 613 732 693 plane
759 637 779 678 a
800 613 980 698 Liguriuois
1002 612 1200 680 abstinuisse·
1213 638 1269 698 pu·

221 717 309 779 tendi
327 718 400 793 sint,
419 718 513 778 etiam
532 723 601 794 post
619 719 764 800 egregins
782 725 815 780 et
832 722 970 780 attentae
984 713 1058 778 VV.
1073 714 1147 781 Dl).
1161 739 1265 798 curas,

222 817 335 896 quibus
351 819 489 897 genuina
506 838 525 879 a
541 815 632 881 falsis
648 838 799 896 separare
815 818 1014 895 studuerunt,
1028 839 1145 902 magna
1156 817 1267 885 talium
1287 830 1293 849 '

221 921 459 997 inscriptionum
481 920 529 980 vis
559 919 828 1000 epigraphicorum
857 920 962 983 studia
991 917 1125 983 molesta
1155 929 1190 984 et
1213 941 1268 985 sn·

221 1029 332 1100 specta
360 1019 517 1082 redderet.
560 1018 623 1081 Sed
655 1021 688 1083 in
715 1041 753 1084 re
782 1022 968 1103 gravissimu
997 1023 1175 1104 gravissimi
1203 1024 1266 1086 siri

129 1158 132 1163 ·
224 1123 440 1184 testimoninm
459 1119 568 1183 audire
584 1121 720 1199 iuvabit,
742 1119 926 1205 borghesii,
944 1125 1059 1201 quiite
1079 1122 1121 1185 ad
1132 1120 1266 1187 Keller·

222 1242 371 1286 munuum
389 1223 525 1300 scripsit:
560 1208 739 1299 „Omnium
756 1226 974 1306 gravissimum
991 1218 1067 1303 erit,
1092 1223 1269 1306 epigraphi·

222 1344 280 1385 cen
297 1324 425 1386 tandem
447 1321 614 1402 aliquando
638 1323 760 1406 Ligurii
780 1324 943 1391 fraudibus
965 1345 1094 1404 prorsus
1114 1323 1266 1404 liberare,

221 1424 304 1503 quod
336 1446 377 1488 ne
408 1421 546 1487 Orellii
576 1424 699 1503 quidem
724 1447 803 1489 sana
829 1428 940 1490 critica
965 1424 1119 1506 perlicere
1152 1427 1266 1507 potuit.

223 1522 297 1600 Quo
318 1527 420 1608 magis
441 1526 473 1588 in
496 1527 733 1605 inscriptionum
754 1529 892 1591 studium
914 1536 948 1591 te
972 1529 1197 1605 insinuaveris,
1225 1545 1265 1591 eo

224 1629 326 1709 magis
343 1630 503 1709 ingentem
526 1647 687 1702 numerum
710 1649 820 1697 eorum
841 1629 982 1709 stupebis
1007 1649 1087 1707 quae
1107 1629 1268 1710 ingenium

221 1730 291 1792 eius
307 1727 477 1791 infeliciter
497 1728 592 1791 ierax
609 1728 650 1791 nd
668 1737 717 1793 tot
732 1732 819 1795 viros
836 1733 980 1814 egregios
997 1728 1156 1793 lellendos
1173 1726 1268 1793 ellin-

220 1831 282 1907 xit,
308 1850 440 1910 quorum
457 1831 601 1891 maxima·
612 1849 686 1908 pars
704 1851 745 1892 ne
763 1838 840 1892 nota
855 1833 984 1909 quidem
1002 1839 1066 1910 est,
1093 1850 1164 1893 cum
1181 1828 1267 1893 nitra

106 1994 114 2020 ‚
221 1928 383 1993 volumina
403 1928 471 1990 LX
492 1933 717 2008 composuerit,
745 1950 876 2010 quorum
897 1928 1019 1993 nullum
1034 1932 1121 2012 typis
1139 1950 1267 2010 expres·

221 2051 290 2094 sum
309 2039 367 2094 est.
412 2027 477 2093 Ubi
493 2028 591 2093 libros
609 2033 676 2095 eius
693 2032 937 2110 manuscriptos,
955 2032 1007 2111 qui
1025 2033 1057 2095 in
1075 2030 1267 2095 bibliotheca
1346 2065 1351 2085 .

222 2129 380 2195 Vaticana
396 2138 576 2210 servantur,
604 2133 780 2195 accuratius
797 2134 991 2212 inspexeris,
1013 2133 1151 2210 videbis,
1173 2146 1268 2212 quam

197 2233 322 2321 xmulta
346 2253 389 2296 nx
414 2231 476 2297 hoc
502 2235 712 2312 impurissimo
732 2233 824 2298 fonte
849 2234 986 2298 deductu
1011 2237 1089 2313 sint,
1117 2242 1267 2314 quantum

221 2337 289 2399 eius
305 2335 435 2399 baudus
452 2336 672 2398 auctoritatem
689 2334 825 2416 adeptae
842 2337 918 2414 sint,
937 2344 970 2399 et
987 2334 1120 2413 dolebis,
1138 2338 1165 2398 si
1180 2336 1268 2418 cogi·

220 2438 354 2515 taveris,
382 2444 458 2516 quot
475 2445 618 2523 veterum
635 2438 821 2516 scriptorum
838 2435 926 2500 locos
947 2434 1018 2498 VV.
1036 2433 1127 2514 bn,
1154 2434 1268 2515 quibus
1341 2468 1346 2476 ·

220 2547 344 2603 tuntum
362 2538 523 2616 debemus,
540 2536 649 2601 fallaci
668 2537 728 2602 buc
746 2541 935 2603 auctoritate
952 2538 1098 2617 permoti,
1117 2557 1268 2615 corrupe-

220 2643 285 2704 rint
313 2644 417 2718 potius
448 2659 541 2717 quam
571 2639 780 2702 emendarint.
823 2639 985 2719 Expertus
1016 2638 1161 2718 equidem
1186 2636 1266 2701 talio

221 2761 350 2820 queror,
382 2759 455 2801 oum
485 2736 570 2802 baud
596 2758 692 2804 uuum
718 2759 835 2803 annum
859 2741 893 2801 in
919 2737 1142 2817 componendis
1173 2738 1266 2801 lastis

223 2841 347 2923 perdidi
372 2840 531 2904 indefesso
553 2841 658 2904 studio
679 2842 899 2921 inscriptiones
921 2860 992 2902 eum
1014 2837 1161 2902 omuibus
1187 2858 1268 2918 quae

221 2945 395 3009 certissima
417 2950 507 3005 erant
524 2942 737 3022 discrepantes
753 2945 787 3004 in
805 2939 948 3004 ordinem
964 2940 1130 3021 digerendi
1147 2951 1180 3005 et
1196 2960 1267 3005 curs

221 3048 337 3115 ceteris
359 3044 581 3123 componendi,
608 3045 710 3107 donec
725 3041 852 3106 tandem
873 3039 1041 3120 aliquando
1063 3043 1104 3106 ab
1127 3042 1187 3105 hoo
1209 3040 1268 3104 ho·

220 3149 306 3212 mine
327 3144 419 3213 fictas
441 3165 511 3208 esse
534 3143 738 3224 deprehendi,
764 3163 785 3205 a
810 3161 872 3221 quo
898 3142 1056 3221 proiectas
1081 3142 1267 3223 plusquam

221 3248 467 3330 quadringentas
492 3248 711 3332 inscriptiones
737 3262 779 3306 ex
805 3243 959 3306 lastomm
993 3247 1075 3307 serie
1105 3242 1265 3307 ποιων·

221 3349 313 3414 Hnec
343 3358 437 3429 utque
461 3346 578 3410 similia
603 3345 739 3406 animum
761 3342 985 3409 -Kellermanui
1010 3347 1043 3409 iu
1070 3346 1138 3407 dies
1164 3347 1266 3428 tnagis

223 3455 384 3536 magisque
402 3448 587 3522 movebant,
615 3451 647 3507 et
664 3444 829 3508 consilium
848 3448 877 3508 ei
895 3446 1122 3529 suggerebant,
1148 3452 1183 3508 nt
1201 3446 1276 3523 epi·-

222 3553 390 3638 gruphicae
410 3569 467 3631 pru
489 3545 573 3610 virili
593 3551 684 3625 parte
705 3545 902 3626 consuleret,
928 3546 1128 3612 collectionis
1150 3547 1262 3611 iuscri-

221 3657 362 3736 ptiunum
380 3648 520 3714 edendae
536 3649 570 3710 in
587 3651 770 3728 quaomnia
789 3648 1015 3728 comprehensa
1032 3655 1155 3725 essem,
1186 3666 1281 3727 quee-

221 3765 295 3837 post
311 3770 443 3836 magnos
459 3747 533 3813 illos
548 3747 715 3814 theseum
725 3740 787 3815 ¹aut
804 3759 947 3815 correcta
963 3760 1019 3812 aut
1035 3750 1164 3811 omniuo
1181 3767 1266 3812 nora

223 3858 310 3922 edita
321 3860 439 3930 urent,
453 3858 486 3915 et
498 3872 580 3932 quae
592 3854 660 3933 ipse
674 3851 725 3917 vel
738 3852 919 3935 collegisset
931 3850 1051 3914 inedita
1064 3848 1114 3912 vel
1128 3849 1169 3912 ed
1180 3868 1266 3912 mar·

222 3977 344 4023 morum
365 3952 455 4017 tidem
473 3954 683 4018 emendasset.
718 3953 849 4029 Praeter
866 3950 923 4014 has
940 3952 1171 4030 inscriptiones,
1188 3969 1267 4030 qua·

222 4079 293 4125 ruat
310 4076 474 4123 numerum
486 4057 527 4121 ad
540 4058 652 4143 viginti
665 4057 800 4139 quinque
811 4051 900 4118 milia
912 4051 1063 4118 accedere
1075 4053 1266 4130 aestimavit,
