2722 4718
559 352 711 475 Ι17

105 630 108 635 ’
159 637 228 709 Iam
248 634 407 727 indicavi,
433 633 660 707 calendarium
681 641 845 725 nostrum,
871 633 958 707 siout
976 643 1054 731 post
1073 660 1106 708 0.
1129 641 1205 715 757

159 737 378 828 factumest,
403 736 451 807 110
477 751 555 807 0010
581 759 614 807 a.
641 739 715 809 765
743 743 851 806 ortum
876 737 1021 809 credam.
1071 738 1204 819 Primus
1319 774 1330 791 ο

156 837 294 935 Tiberii
323 839 514 922 consulatus
540 861 572 909 a.
599 841 669 913 741
701 836 784 928 1011,
815 845 849 909 01
875 862 950 909 cum
976 841 1092 910 consul
1117 849 1206 912 esset

162 941 361 1027 ordinarius,
378 939 461 1011 Kal.
479 939 556 1010 Ian.
575 940 673 1011 solito
691 957 782 1010 ruore
800 940 1005 1013 consulatum
1023 941 1112 1012 iniit.

263 1043 289 1113 l.
315 1047 374 1116 16.
396 1040 524 1123 XVII
545 1041 639 1113 Kal.
664 1040 757 1112 Feb.
784 1067 817 1135 q.
840 1067 871 1112 0.
892 1042 923 1111 d.
944 1041 1206 1115 60000010-
1324 1058 1331 1070 ‘

160 1140 321 1238 gustnS.
343 1132 694 1216 APPELLATVS.
711 1140 824 1235 EST.
848 1142 1205 1219 SVPPLICATIO..

160 1244 516 1340 AVgusti·,numiui.
1013 1234 1016 1240 ⁵
1194 1259 1197 1263 '
1347 1262 1354 1275 ‘

263 1347 340 1419 Hoc
378 1348 641 1443 supplementum
674 1354 822 1443 praeter,
839 1353 1023 1444 temporum
1057 1348 1207 1421 ordinem

162 1448 432 1544 etianrreliquiae
446 1473 475 1521 v.
488 1448 669 1544 AVgnsti
685 1450 967 1541 commendarunt,
985 1473 1060 1521 cum
1072 1451 1208 1522 numina

161 1552 278 1646 quibus
295 1551 382 1631 festa
398 1553 624 1642 celebrantur,
647 1560 683 1623 ut
699 1576 761 1646 par
778 1560 844 1640 est,
867 1551 1110 1624 necessitudine
1127 1576 1207 1645 qua-

161 1653 1087 1748 1000001000ῒο0000001000100010000,0100001
1104 1653 1207 1724 iusti-
1306 1727 1309 1731 ,
1351 1658 1357 1664 ’

162 1758 301 1824 1000100
317 1751 414 1824 festa.
450 1750 630 1824 Suetonius
647 1749 755 1846 (Aug.
770 1753 825 1842 7),
844 1752 913 1823 Dio
928 1755 1066 1827 Cassius
1080 1750 1207 1845 (LIII,

164 1850 248 1945 16),
271 1852 426 1925 Velleius
443 1853 516 1945 (II,
540 1851 604 1946 91)
629 1861 662 1928 01
685 1854 887 1927 Censorinus
906 1849 1206 1947 (1061000121)

162 1956 383 2046 consentiunt,
401 1980 431 2025 a.
450 1981 484 2026 u.
503 1981 534 2027 c.
555 1960 629 2032 727
647 1953 868 2057 Octavianum
886 1955 1088 2028 nominatum
1105 1955 1208 2027 fuisse

159 2057 362 2153 Augustum,
373 2057 420 2129 de
438 2057 491 2129 die
508 2057 595 2129 inter
606 2059 783 2154 scriptores
797 2059 957 2152 quaedam
970 2065 1021 2128 est
1027 2057 1208 2139 dissensio.

163 2155 306 2232 Orosius
323 2160 412 2231 enim
423 2158 516 2251 (vl,
533 2157 602 2249 20)
616 2158 714 2232 VIII
726 2159 781 2229 Id.
795 2160 871 2229 Ian.
886 2160 1045 2249 nominat,
1064 2156 1208 2232 Ovidius

164 2258 276 2352 (Fast.
294 2260 332 2348 Ι,
359 2257 452 2349 587)
479 2261 570 2352 ipsas
596 2261 652 2331 Id.
672 2260 764 2348 Ian,
791 2261 868 2331 dum
890 2260 1095 2333 Censorinus
1111 2260 1208 2333 XVI

161 2361 379 2448 1101111010,
398 2357 624 2430 calendarium
641 2383 717 2430 vero
730 2358 1110 2433 Praenestinum-XVII
1121 2361 1206 2432 Kal.

162 2462 266 2534 Febr.
305 2461 419 2532 babet.
488 2459 588 2532 Hanc
628 2459 828 2531 discordiam
867 2461 988 2555 optime
1023 2464 1209 2556 composuit

162 2563 340 2636 Fabricius
357 2560 419 2651 (ad
435 2559 539 2639 Dion.
561 2559 646 2649 (3.1.
665 2556 722 2648 1.).
776 2554 874 2644 Sicut
892 2562 979 2633 enim
996 2563 1148 2653 vidimus,
1165 2565 1207 2635 ab

163 2664 241 2735 aliis
267 2662 467 2734 celebratum
493 2685 566 2733 esse
592 2661 679 2733 diem
705 2662 862 2742 victoriae
889 2687 909 2753 a
935 2661 1021 2735 Sex.
1047 2663 1208 2762 Pompeio

163 2771 369 2863 reportatae,
387 2764 427 2834 ab
446 2764 522 2835 aliis
539 2765 707 2836 exercitus
726 2788 754 2844 a⁸
762 2763 894 2860 Lepido
912 2766 1043 2857 traditi,
1063 2791 1147 2861 quae
1164 2767 1208 2838 ad

162 2891 262 2939 unam
279 2867 480 2961 eandemque
496 2890 566 2939 ram
584 2873 786 2960 spectarunt,
803 2868 852 2937 ita
867 2890 980 2947 mense
997 2869 1155 2949 Ianuario
1174 2893 1209 2939 a.

163 2973 237 3046 727
257 2968 440 3064 compluria
457 2966 651 3059 factasunt,
670 2968 757 3039 0010
773 2968 872 3041 10100
889 2967 1076 3063 festiorigo
1090 2970 1210 3042 deduci

161 3071 281 3166 potnit.
315 3068 463 3141 Primum
481 3065 700 3161 Octavianus,
718 3070 1107 3165 quiadministrationcm
1125 3072 1209 3167 reip.

164 3172 386 3267 depositurum
412 3196 449 3243 00
476 3171 641 3266 fingebat,
667 3173 822 3268 precibus
847 3173 890 3243 ab
916 3173 1145 3245 1000000110
1172 3197 1210 3244 00

164 3273 328 3344 demoveri
349 3295 468 3368 passus,
484 3282 550 3364 001,
571 3274 620 3344 ita
635 3281 673 3344 ut
691 3281 823 3354 senatus
842 3275 874 3344 ei
890 3276 955 3345 soli
970 3275 1210 3370 rempublicam

164 3373 456 3449 administrandam
473 3374 669 3448 concederet
686 3374 772 3467 (Dio
791 3374 834 3448 G.
853 3372 968 3466 LIII,
990 3372 1066 3463 ll).
1119 3373 1210 3447 Tum

163 3476 223 3546 ille
249 3475 494 3571 provinciarum
518 3483 646 3569 partem
671 3477 816 3572 aliquam
837 3476 959 3572 populo
981 3475 1131 3555 restituit,
1146 3471 1208 3568 (ib.

164 3601 197 3649 0.
218 3574 301 3666 12),
323 3573 436 3648 PRO.
457 3574 573 3665 QVO.
590 3574 713 3651 MEO.
732 3575 952 3668 MERITO,
970 3584 1006 3648 ut
1022 3577 1093 3670 ipse
1111 3577 1158 3647 ait
1173 3577 1211 3649 10

163 3684 373 3749 monumento
403 3676 608 3770 Ancyrano,
636 3680 677 3749 de
707 3681 870 3751 sententia
900 3678 1048 3750 Munatii
1075 3676 1209 3769 Planci,

163 3805 284 3851 nomen
302 3779 471 3874 Augusti
493 3774 524 3849 01
546 3779 657 3850 10100
678 3787 728 3851 001
745 3780 809 3873 (ib.
829 3807 860 3852 c.
883 3778 960 3870 16).
1013 3776 1069 3849 Ad
1086 3777 1211 3852 sactum

163 3881 264 3972 illud,
287 3883 373 3978 quod
390 3880 497 3975 primo
513 3880 590 3951 loco
607 3882 793 3976 posuimus,
810 3907 870 3953 ara
886 3881 1114 3954 Narbonensis
1127 3906 1211 3976 spe-

164 3989 234 4051 ctat
250 3983 302 4054 bis
318 4008 385 4054 ru:
415 3980 503 4054 Vll.
526 3981 595 4054 ID.
617 3981 824 4056 IANVAR.
848 3981 963 4075 QVA.
985 3979 1087 4054 DIE.
1105 3983 1215 4053 PRI-¹

137 4080 295 4155 ‘MVm
357 4081 578 4157 IMPERIV
576 4081 631 4158 M.
652 4082 655 4087 ’
678 4080 857 4171 cums.
890 4080 901 4163 s
914 4081 1211 4159 TERRARVM.

968 4217 992 4285 2
