2722 4718
655 400 726 473 67·

579 502 788 514 ——uu--u-—t-

159 641 190 691 ut
210 629 379 691 in·0siri‹lis
406 640 437 690 et
454 630 604 710 Prosymni
633 632 683 704 (cl.
702 631 784 708 locos
801 627 876 707 apul
895 629 1051 689 Prallcrum
1071 630 1152 690 Dcm.
1172 581 1202 690 ιι.

158 717 241 776 Pers.
262 738 291 796 p.
312 724 375 782 212
394 726 424 776 ct
437 717 566 793 Zoegam
586 714 621 774 de
641 734 692 774 usu
711 727 741 773 et
752 717 833 793 orig.
853 712 975 774 obelise.
996 735 1023 794 p.
1034 720 1095 779 21³
1114 724 1204 796 sqq),

158 806 198 862 ita
221 804 366 882 hodieque
393 800 534 881 quaedam
560 810 686 872 exstant,
715 801 842 878 inprimis
865 800 948 859 Oscis
970 801 1207 880 inscriptionibus

157 890 310 959 instructa,
330 887 489 987 eodemque
508 896 603 959 recte,
622 896 654 944 ut
671 886 739 944 mihi
756 885 884 965 videtur,
909 884 1038 945 Panolka
1056 888 1206 964 sepulcro-

157 994 218 1031 rum
239 981 421 1031 monumenta
444 974 473 1029 in
495 971 607 1030 mudum
631 973 696 1031 coni
717 972 840 1030 formata
862 970 960 1029 retulit
982 970 1072 1052 (Αιιιι.
1090 971 1163 1030 lust.
1182 970 1205 1045 l,

156 1078 184 1136 p
205 1062 266 1120 309
285 1056 376 1136 sqq).
427 1057 530 1116 Hoc'
507 1077 591 1134 siguo
610 1059 698 1128 enim,
719 1060 799 1115 cuius
817 1055 845 1114 in
864 1057 957 1115 locoru
976 1068 1077 1134 postea
1096 1015 1206 1115 demoni
1229 1070 1235 1081 ’

158 1145 270 1221 cippus,
299 1144 443 1223 columna,
466 1144 569 1220 hermu
587 1152 803 1214 successerunt,
832 1160 1028 1221 quemcunque
1047 1143 1140 1201 locum
1159 1162 1206 1201 saa

158 1239 266 1286 cretum
286 1238 315 1287 ct
333 1229 385 1286 sub
405 1227 451 1286 let
473 1229 563 1287 tutela
587 1230 708 1306 positum
728 1237 877 1307 putarunt,
901 1238 1053 1299 notarunt,
1082 1228 1138 1287 lroe
1156 1226 1206 1286 dei

157 1315 245 1390 ipsius
263 1315 374 1391 siguum
393 1314 457 1372 luit.
490 1314 589 1393 ltaque
609 1332 676 1391 prae
696 1311 803 1372 ceteris
821 1313 850 1370 iu
869 1313 1057 1391 sepulcrisvet
1073 1314 1225 1379 terminis,

157 1394 213 1469 lroc
232 1400 346 1477 signum
361 1410 545 1476 erexeruntg
581 1396 689 1471 Quodsi
713 1398 888 1477 quaerimus,
912 1398 960 1478 qui
983 1395 1023 1454 dii
1046 1398 1101 1456 lroc
1118 1397 1207 1455 modo

157 1485 332 1562 potissimum
360 1485 429 1542 culti
458 1486 524 1555 sint,
553 1486 711 1543 invenimus
738 1483 911 1543 Mercurium
940 1492 1026 1560 atque
1049 1482 1204 1541 Bacchum.

156 1566 252 1647 Atque
272 1571 299 1626 ιιι
318 1571 374 1647 ipsi
393 1580 471 1640 sunt,
494 1571 541 1647 qui
560 1589 623 1628 cum
642 1579 761 1629 naturae
786 1567 899 1626 divitias
921 1568 1082 1626 homiuibus
1099 1569 1212 1649 imper-¹

157 1655 245 1725 tiant,
266 1664 296 1712 ct
314 1656 425 1730 l'rugum
445 1660 638 1732 pecorumque
656 1654 761 1712 laetum
779 1662 947 1729 proventum
966 1652 1103 1729 eiliciant,
1123 1652 1204 1711 simul

157 1739 315 1795 inferorum
334 1735 373 1795 dii
393 1738 540 1809 coluntur,
565 1739 661 1816 itaque
684 1739 719 1795 iis
743 1738 917 1814 potissimum
936 1738 1068 1814 sepulcra
1085 1738 1206 1809 sacrari,

159 1841 258 1880 eorum
277 1822 316 1880 ibi
339 1823 421 1899 sigua
444 1824 512 1899 poni
536 1833 757 1881 consentaneum
777 1833 836 1880 est·
874 1821 981 1879 Eorum
999 1822 1205 1894 autemcultus

157 1907 333 1987 temporibus
347 1907 509 1966 labentibus
522 1926 623 1985 magna
638 1909 674 1966 en
689 1919 769 1987 parte
779 1917 901 1966 mutatus
911 1915 969 1977 est,
989 1917 1020 1965 et
1039 1912 1206 1986 quamquam

157 2013 213 2051 non
232 1994 257 2051 is
275 2012 350 2064 sum,
371 1993 418 2071 qui
437 1993 607 2065 contendat,
625 2010 725 2052 eorum
741 1993 834 2051 locum
844 2001 944 2070 postea
955 1996 1113 2069 occupasse
1124 1991 1206 2050 Pria-

157 2097 238 2155 pum,
267 2088 361 2136 tamen
385 2078 469 2135 simili
490 2080 602 2137 ratione
626 2079 730 2137 lactum
754 2096 819 2136 esse
842 2088 927 2155 puto,
958 2087 989 2135 ut
1010 2076 1129 2156 Priapo,
1157 2077 1206 2155 qui
1227 2088 1245 2097 ·

157 2174 275 2220 naturae
292 2161 497 2220 fecunditatem
520 2163 663 2238 significat
689 2173 719 2222 et
741 2163 832 2221 hortis
855 2172 983 2240 praeest,
1007 2164 1205 2240 sepulcrorum

156 2247 247 2304 tutela
265 2249 503 2307 committeretur.
550 2246 593 2305 lta
617 2246 727 2317 Venus,
751 2265 824 2324 quae
847 2254 967 2304 naturae
987 2249 1157 2323 germinanti
1176 2256 1206 2305 et

157 2332 354 2389 ellloresceuti
372 2341 491 2409 praeest
508 2331 712 2408 hortorumque
732 2341 762 2387 et
779 2331 840 2407 ipsa
856 2327 918 2388 deu·
929 2340 982 2400 est,
1002 2329 1102 2389 estem
1117 2332 1205 2391 etiam

157 2415 283 2474 Libitina
301 2425 360 2486 est,
379 2417 536 2475 inferorum
556 2425 586 2474 et
603 2415 800 2492 sepulcrorum
818 2412 884 2474 dea.
903 2436 908 2449 ¹
928 2412 1006 2472 llaec
1026 2417 1120 2473 onmia
1138 2416 1206 2473 bre-

156 2503 232 2559 viter
250 2501 392 2559 monenda
416 2499 496 2570 duxi,
525 2501 591 2578 quia
614 2498 811 2557 difficillimum
835 2508 880 2555 cst
901 2507 1042 2573 statuero,
1071 2519 1210 2577 quorsum

156 2587 225 2644 tolia
244 2596 424 2644 monumenta
443 2587 487 2643 luis
505 2586 675 2664 praesertim
697 2580 872 2662 temporibus
894 2584 1079 2661 interpretari
1097 2581 1206 2642 delean

156 2690 231 2741 tuus,
256 2670 303 2729 uhi
322 2672 412 2748 magis
431 2671 578 2751 magisque
601 2669 857 2741 diversissimarum
881 2669 1053 2746 religionum
1072 2669 1204 2728 confusio

157 2756 330 2833 augebatur,
349 2757 490 2833 gliscente
510 2754 542 2813 ιιι
558 2754 619 2815 dies
637 2757 841 2833 superstitione
854 2764 891 2838 ‘et
909 2755 1038 2813 lascivia.
1071 2755 1120 2813 lta
1139 2772 1204 2813 sae-

157 2842 270 2919 pissime
289 2844 338 2899 vix
356 2853 451 2919 potest
469 2840 635 2910 diiudicari,
663 2860 718 2917 qua
739 2844 835 2896 mente
858 2851 1067 2898 monumentum
1086 2839 1204 2919 aliquod

156 2925 354 3004 accipientium
373 2928 423 2996 sit,
447 2927 536 2999 itaut
555 2926 670 2994 omnia,
685 2942 758 3001 quae
777 2925 942 2981 incensum
959 2926 1060 2982 venire
1082 2927 1202 3002 possint,

156 3013 317 3069 accuratius
341 3008 528 3070 considerare
552 3011 627 3068 cauti
650 3010 688 3067 sit
709 3009 840 3067 hominis.
886 3008 918 3066 ln
941 3009 995 3066 hac
1017 3009 1081 3086 ipsa
1103 3020 1204 3067 nostra

156 3096 345 3193 inscriptique
360 3117 422 3156 com
438 3095 585 3174 quaedam,
605 3105 636 3153 ut
655 3094 796 3154 destricto
809 3114 886 3172 pene
909 3103 940 3151 ct
953 3102 1050 3152 custos
1073 3095 1207 3173 sepulcri
1287 3094 1290 3099 ’

157 3178 194 3237 acl
220 3181 389 3237 carminum
407 3183 535 3250 illorum,
576 3199 649 3259 quae
671 3179 868 3257 Priapeiorum
895 3179 1009 3238 nomine
1036 3180 1107 3238 satis
1134 3189 1209 3263 nota,

156 3275 234 3335 sunt,
254 3265 375 3322 facetias
393 3274 423 3322 et
441 3266 584 3323 lasciviam
603 3264 747 3323 accedere
764 3263 927 3332 videantur,
947 3284 981 3322 ea
1000 3274 1104 3335 tameo,¹
1127 3282 1202 3340 quac

157 3350 241 3407 finem
260 3350 378 3418 iaciunt,
404 3351 508 3407 mortis
530 3359 561 3407 et
579 3339 662 3408 citui
672 3351 765 3419 locus,
794 3359 824 3407 ut
842 3349 986 3425 antiquum
1005 3350 1133 3406 colorem
1152 3349 1203 3405 lra-

155 3435 239 3502 hent,
266 3434 307 3491 ita
333 3454 396 3492 cum
423 3434 563 3510 gravitate
586 3453 703 3492 mouere
730 3433 875 3505 uidentur,
903 3431 1031 3505 ciusdem
1054 3451 1120 3491 csse
1143 3430 1201 3502 dei,

155 3504 241 3580 vitam
261 3515 331 3575 dure
351 3528 380 3576 et
401 3519 531 3589 uulerre3
556 3516 657 3576 eodem
676 3520 789 3577 numine
809 3516 959 3598 quotannis
983 3527 1088 3591 terram
1109 3535 1203 3574 emor·

156 3616 232 3663 tuam
251 3605 280 3661 in
297 3604 382 3662 vitam
400 3604 548 3674 revocari,
567 3614 599 3660 ut
616 3604 691 3662 laetu
709 3603 888 3723 efflorescat,
908 3612 938 3662 ct
952 3586 1095 3725 homiuem
1113 3618 1129 3660 e
1144 3603 1202 3660 vita

156 3691 285 3749 auocari.

241 3773 355 3851 PENE
377 3760 600 3832 unsrutcro.
624 3771 794 3850 Metaplrora
812 3773 990 3851 agladioeo
1006 3771 1117 3831 facilius
1135 3771 1202 3831 (luci
1288 3786 1294 3797 ’

156 3863 261 3940 potuit,
290 3881 352 3920 cum
380 3859 448 3920 alibi
475 3857 576 3917 deus
567 3877 630 3937 rpse
653 3858 709 3916 hoc
732 3859 819 3916 telum
841 3878 919 3918 snum
942 3864 1062 3916 vocaret
1088 3857 1199 3938 (Priap.

156 3951 188 4013 8,
206 3947 271 4021 14),
296 3958 325 4006 et
343 3956 426 4005 notus
444 3963 512 4004 usus
536 3945 643 4004 relisit
662 3942 786 4021 (Ruhnk.
809 3942 844 4002 ad
865 3943 930 4002 unt.
943 3942 984 4001 ⁴·L.
1009 3963 1035 4021 p.
1054 3948 1116 4009 259
1130 3950 1200 4023 sq).
1223 3960 1226 3967 ’

158 4029 310 4088 Caeterum
329 4052 401 4109 quae
419 4033 449 4089 in
468 4030 596 4089 omnibus
613 4030 676 4088 lero
696 4028 790 4087 vertis
807 4029 944 4086 similibus
958 4029 992 4087 lis
1007 4040 1206 4088 commovetur¹

157 4115 234 4176 inter
251 4118 465 4192 grammaticos,
490 4135 525 4177 ea
546 4117 575 4174 iu
593 4115 649 4175 hoc
668 4118 782 4194 quoque
798 4115 1053 4262 agitaturpbuqrnm
1073 4115 1201 4173 destasia-
