2722 4718
613 406 676 452 ‘xit

122 611 193 690 bat,
220 611 290 676 iore
311 619 347 678 ut
364 610 592 693 valetudinem,
620 632 682 694 qua
699 632 857 698 nunquam
875 614 1003 697 gavisus
1021 619 1070 678 est
1086 615 1165 678 satis

121 710 229 792 firma,
256 715 315 778 sub
337 717 404 778 miti
426 713 538 777 ltaliae
561 714 652 778 coelo
673 736 800 794 prorsus
817 718 1007 779 restitueret.
1052 715 1165 796 ltaque

109 815 221 880 'fretus
243 818 408 880 notissima
429 815 485 879 illa
506 814 713 894 liberalitate,
741 838 803 896 qua
825 815 927 881 Dania
946 816 1067 880 civibus
1086 820 1168 898 suis,
1226 854 1228 858 ·

78 966 99 989 .,
122 919 174 995 qui
198 917 291 980 docta
308 939 383 981 cura
401 924 526 980 exteras
545 927 655 981 terras
669 926 702 981 ct
727 925 838 1001 gentes
860 920 989 981 visitare
1005 905 1165 999 'patriam-

122 1036 181 1096 que
202 1017 312 1081 talium
334 1021 620 1101 peregrinationum
641 1018 795 1082 fructibus
812 1018 1006 1099 locupletare
1023 1019 1164 1100 student,

120 1121 289 1197 succurrit,
315 1117 435 1204 Regem
459 1118 748 1187 clementissimum
770 1120 914 1200 precibus
936 1123 1028 1199 adiit,
1053 1130 1089 1184 ut
1101 1125 1166 1185 sti·

118 1220 232 1300 pendio
262 1240 298 1284 se
328 1227 474 1305 augeret,
505 1243 566 1302 quo
596 1221 722 1287 ltaliam
755 1229 865 1302 petere
901 1204 1012 1303 ibique
1047 1222 1159 1286 studiis

122 1324 188 1384 suis
209 1324 318 1386 vivere
340 1331 457 1402 posset.
502 1321 571 1386 Nec
593 1345 664 1403 spes
683 1345 754 1386 cum
772 1323 901 1402 fefellit,
927 1327 1032 1404 paucis
1049 1326 1166 1388 mensi·

121 1422 179 1485 bus
200 1425 372 1486 interiectis
390 1426 473 1505 quod
495 1427 632 1504 petierat
653 1425 800 1488 obtinuit.
845 1424 992 1504 Interim,
1019 1434 1055 1488 ut
1076 1425 1165 1489 vale·

119 1525 260 1587 tudinem
289 1526 399 1588 studiis
432 1538 464 1588 et
494 1525 657 1590 laboribus
687 1526 911 1589 labefactatam
940 1525 1095 1604 firmaret,
1130 1530 1164 1590 in

12 1630 17 1636 ’
119 1625 224 1690 viculo
243 1627 377 1705 quodam
386 1624 514 1706 Alpium
531 1626 755 1715 Rhaetioarum
774 1629 869 1712 degit,
884 1628 990 1709 ibique
1004 1631 1164 1691 amoenis·

15 1748 17 1753 ·
120 1729 199 1790 simo
221 1726 284 1791 loci
301 1731 364 1791 situ
390 1736 423 1792 et
444 1732 579 1808 ¹antiquis
593 1730 771 1802 incolarum
793 1730 933 1793 moribus
957 1734 1003 1794 ita
1020 1728 1159 1792 delecta·

119 1835 171 1892 tus
198 1835 262 1907 cst,
293 1838 328 1893 ut
352 1838 465 1910 postea
491 1830 582 1894 huius
608 1834 757 1911 temporis
782 1834 994 1914 gratissimam
1021 1839 1164 1895 servaret

119 1933 317 2008 memoriam,
336 1940 441 2010 'neque
459 1953 595 2011 unquam
608 1935 738 2010 suavius
757 1940 789 1995 et
806 1933 970 1995 iucundius
988 1954 1023 1996 se
1041 1935 1164 1996 vixisse
1199 1989 1201 1994 .

119 2033 349 2096 recordaretur.
394 2029 489 2110 Quid,
508 2034 589 2112 qnod
609 2034 767 2097 homiuum
786 2033 971 2112 simplicium
990 2056 1061 2096 eum
1075 2056 1163 2097 amo·

118 2152 187 2195 rem
218 2136 367 2198 comitate
397 2141 430 2197 et
465 2133 626 2199 hilaritate
657 2135 716 2198 sibi
737 2134 943 2213 conciliavit,
980 2144 1163 2214 tantamque

56 2270 60 2278 ·
119 2234 264 2312 prudenti
293 2245 440 2299 sermone
468 2243 502 2299 ct
522 2239 628 2316 paucis
655 2257 732 2316 quos
759 2257 864 2300 secum
890 2236 1041 2300 attulerat
1066 2236 1163 2300 libris

120 2335 283 2401 doctrinae
305 2347 338 2401 ct
358 2340 477 2422 ingenii
495 2339 576 2419 apud
595 2359 649 2400 eos
666 2339 913 2403 famammactus
932 2347 995 2416 est,
1023 2346 1057 2401 ut
1075 2358 1162 2400 eom-

119 2435 225 2517 plures
239 2447 311 2518 post
329 2459 441 2518 anuos,
461 2462 531 2504 cum
550 2438 783 2518 Romaeesset,
806 2439 970 2519 epistolam
993 2441 1161 2518 acciperet,

120 2560 181 2620 qua
203 2545 369 2605 certiorem
392 2565 462 2605 eum
483 2543 640 2617 fecerunt,
668 2543 750 2604 diem
768 2542 883 2606 obiisse
900 2542 965 2604 ludi
982 2543 1015 2604 in
1033 2562 1071 2604 eo
1090 2544 1160 2603 vico

118 2645 318 2724 magistrum,
344 2662 460 2719 perque
483 2649 606 2722 gratum
628 2640 792 2717 sibilare,
824 2644 853 2703 si
873 2646 940 2719 ipse
963 2643 1023 2704 hoc
1048 2663 1161 2705 munus

119 2744 279 2820 suscipere
295 2738 402 2804 vellet.
449 2737 542 2814 Quod
561 2760 746 2819 quamquam
765 2763 829 2803 non
845 2743 947 2819 potuit
965 2744 1038 2820 quin
1056 2740 1161 2805 detre-

120 2848 230 2915 ctaret,
255 2863 317 2905 non
335 2844 403 2905 sine
425 2844 520 2905 animi
538 2845 747 2905 commotione
764 2850 830 2905 tam
848 2844 975 2924 ingenui
992 2850 1025 2904 et
1042 2843 1162 2921 simpli·

118 2945 163 3007 cis
181 2947 296 3007 amoris
313 2945 527 3007 testimonium
545 2946 678 3023 accepit.
722 2941 784 3006 Hic
801 2942 863 3007 loci
881 2966 951 3007 cum
968 2952 1160 3024 versaretur,

118 3047 411 3124 nuntium'accepit‚
430 3045 596 3125 stipendio,
620 3047 702 3124 quod
720 3047 866 3125 petierat,
885 3053 1009 3108 arictum
1027 3067 1061 3108 sc
1080 3069 1161 3125 esse,

18 3137 21 3141 ἢ
117 3149 283 3226 statimque
301 3144 426 3209 ltaliam
444 3148 536 3225 petiit
553 3167 660 3210 mense
679 3145 812 3210 Octobri
830 3169 859 3209 a.
878 3152 973 3226 1831,
992 3155 1024 3212 et
1042 3148 1162 3211 Romae

118 3248 225 3310 sedem
247 3248 420 3310 studiorum
442 3268 569 3311 suorum
590 3249 678 3311 fecit.
722 3247 771 3311 lbi
797 3247 1007 3313 bibliothecae
1029 3249 1161 3313 Vatica-

118 3370 179 3412 nee
197 3348 362 3412 thesauros
380 3370 442 3412 non
462 3349 615 3433 neglexit,
635 3359 667 3413 et
683 3352 722 3412 iis
739 3353 935 3430 potissimam
953 3354 1029 3414 viris
1047 3352 1160 3430 doctis,

103 3450 229 3530 ,quibus
247 3448 379 3513 Romam
402 3452 490 3514 adire
512 3460 661 3535 negatum
678 3453 754 3530 fuit,
781 3454 981 3516 conferendis
999 3453 1160 3516 codicibus

118 3573 246 3632 operam
272 3569 362 3615 suam
386 3555 558 3632 praestitit,
585 3570 646 3633 qua
672 3555 704 3617 in
726 3575 763 3617 re
785 3576 894 3618 omnes
921 3558 973 3634 qui
998 3576 1072 3618 cura
1093 3559 1160 3616 eius

118 3656 167 3716 usi
192 3663 266 3717 sunt
291 3653 451 3717 sollertem
473 3653 560 3718 illam
583 3663 616 3717 et
641 3663 818 3720 accuratam
846 3657 1040 3740 diligentiam
1066 3662 1161 3733 atque

118 3752 215 3817 fidem
233 3759 359 3839 experti
376 3763 461 3843 sunt,
481 3777 574 3835 quam
590 3759 659 3821 iure
677 3760 761 3820 inter
776 3759 931 3836 principes
945 3755 1162 3819 Kellermunni

118 3859 218 3919 nostri
238 3859 383 3920 virtutes·
403 3879 612 3923 numeramus.
657 3857 780 3921 Verum
803 3861 870 3937 ipse
897 3877 966 3919 eum
989 3858 1029 3919 ad
1051 3859 1162 3920 inscri-

118 3960 259 4036 ptionum
295 3957 506 4023 Romanorum
541 3959 748 4024 inexhaustos
783 3958 949 4021 thesauros
984 3958 1161 4022 accurratius

118 4060 344 4124 examinandos
367 4068 399 4125 et
419 4063 678 4147 pervestigandos
700 4059 823 4125 delatus
844 4066 944 4140 esset,
970 4080 1046 4125 mox
1069 4060 1161 4124 iutel—
