2722 4718
606 355 821 503 oo¹

109 626 245 706 disputari
261 625 374 706 possint
390 624 471 708 (ipso
489 625 565 685 enim
584 625 747 697 Quarantee
764 623 839 685 libro
862 644 937 684 nunc
952 624 1070 704 saron),
1097 640 1155 685 nou
1240 692 1247 701 ,

106 732 220 792 possum
243 724 366 784 tamen„
379 713 446 791 quin
471 711 547 769 hanc
574 709 798 787 explicatiouqru
823 729 960 788 perquam
982 710 1100 771 'dubiam
1126 722 1157 771 ot

106 800 246 857 incertam
267 808 374 876 putem.
407 793 460 854 0d.
482 793 741 875 Mdlleruslorclr.
759 791 787 874 ξ.
806 800 883 866 381,
907 794 940 875 6)
982 795 1157 857 Mercurium

107 901 206 943 amore
223 884 372 945 incensum
390 900 453 941 eum
471 880 525 957 lrac
540 881 663 941 muliera
682 879 822 957 congredi
840 881 964 959 putavit,
985 892 1016 940 et
1034 879 1070 941 do
1082 881 1158 941 Lara

107 968 232 1046 nympha
251 967 302 1039 (cf.
321 965 373 1025 llr.
392 965 471 1025 Fast.
491 966 527 1035 ll,
547 971 609 1031 585
628 971 701 1044 sqq.)
725 966 778 1025 lsie¹
795 967 891 1043 potius
915 967 1036 1044 cogitari
1056 967 1157 1043 possit,

108 1053 238 1132 quamio
257 1052 349 1111 altera
370 1052 481 1129 pictura
504 1050 587 1131 (Pitt.
605 1051 673 1111 Ere.
693 1049 748 1122 tlt,
763 1050 831 1130 12).
875 1051 983 1119 Verum
1005 1052 1077 1110 haec
1096 1061 1160 1111 utut

107 1147 186 1209 sont,
205 1156 267 1197 cum
283 1138 312 1195 in
328 1136 457 1195 omnilrus
469 1136 513 1195 luis
527 1137 716 1195 monumentis
731 1136 893 1215 sepulcrum
907 1136 1039 1204 adstante
1052 1135 1158 1214 Priapo

108 1242 166 1281 uou
190 1223 281 1300 possit
303 1222 332 1279 in
355 1220 467 1280 dubium
486 1224 599 1293 vocari,
627 1220 664 1281 ad
691 1240 753 1281 rem
778 1233 905 1283 nostram
923 1241 992 1281 saue
1007 1223 1158 1305 pertinere

40 1330 49 1346 s
107 1306 251 1367 ridentur.
297 1304 401 1385 Neque
419 1307 534 1371 multum
557 1307 716 1372 abhorrere
738 1305 774 1365 ab
792 1325 827 1375 ea
846 1307 972 1378 hermas,
989 1326 1071 1385 quos
1090 1307 1166 1373 olins,

107 1392 246 1471 sepulcris
264 1393 432 1471 imposuisse
442 1392 557 1451 ¹Atticos
574 1402 698 1451 testetur
709 1391 815 1451 Cicero
833 1390 1159 1473 (te-taggmtstmot·
1288 1414 1297 1427 ‘

109 1478 147 1536 cl.
165 1476 248 1535 Paos.
264 1477 303 1548 X,
326 1483 385 1547 12,
400 1477 448 1555 6),
468 1476 612 1536 concedet
634 1478 682 1554 qui
700 1478 888 1553 reputaverit,
908 1496 1008 1535 omnes
1021 1477 1160 1554 antiquis·

108 1563 179 1621 simo
198 1573 329 1639 tempore
350 1562 473 1621 hermas·
490 1561 703 1639 ithyphallicos
722 1562 806 1620 lictos
827 1563 927 1621 fuisse.
972 1559 1081 1632 Quodsi
1104 1561 1161 1625 iam

109 1648 270 1725 quaeritur,
290 1666 346 1722 quo
365 1664 450 1704 seusu
472 1645 603 1722 Priapum
629 1646 772 1721 sepulcris
798 1645 925 1705 vicinum
949 1644 1161 1709 collocaverint

108 1730 232 1808 antiqui,
256 1728 387 1787 diversae
410 1730 541 1807 capulari
563 1739 682 1804 possunt
698 1746 815 1787 causae.
862 1728 895 1789 Si
913 1740 1038 1789 nostram
1056 1731 1161 1789 inscri-

108 1815 236 1894 ptiouem
246 1811 472 1883 consideramus,
487 1813 520 1871 iu
529 1831 583 1891 que
593 1812 711 1891 Priapus
730 1814 792 1890 ipse
814 1812 1013 1880 secuslodcm
1031 1816 1165 1891 sepulcri

108 1910 210 1970 vocat,
231 1896 333 1958 eodem
351 1904 436 1956 s'ensu
458 1897 514 1956 lroc
536 1898 632 1977 accipi
657 1908 764 1975 potest,
793 1916 848 1976 quo
871 1900 1037 1976 saepissime
1063 1908 1163 1959 custos

109 1986 205 2056 horti,
229 1986 310 2043 rurr'r
327 1984 373 2049 rel
392 1985 488 2061 agelli
503 1981 721 2043 idem'vocatur
742 1981 827 2045 deus.
845 1990 853 2003 '
872 1981 969 2063 Atque
988 1985 1042 2043 hoc
1063 2003 1098 2043 eo
1116 1984 1162 2045 ia·

110 2070 193 2129 cilius
211 2069 274 2127 ficri
292 2069 400 2147 potuit,
425 2069 677 2147 cumaaepissine
701 2069 780 2128 circa
798 2069 931 2147 sepulcra
954 2069 1030 2129 lrorti
1052 2079 1160 2142 essent,-

109 2165 142 2215 ut
157 2153 331 2213 Trimalchio
349 2153 396 2213 ille
415 2153 475 2212 vult
496 2172 581 2213 omne
599 2173 689 2230 genus
704 2173 851 2233 pomorum
869 2155 947 2215 circa
966 2156 1080 2219 cineres
1093 2173 1160 2217 suos

110 2258 180 2300 esse
195 2249 226 2299 et
242 2239 388 2296 vinearum
411 2238 531 2314 largiter
548 2238 679 2319 (Patron.
702 2244 770 2310 11),
798 2241 839 2299 ita
859 2239 1000 2317 ulpiano
1022 2260 1074 2298 suo
1093 2240 1160 2299 loco

111 2323 183 2383 deus
200 2324 311 2401 positus
334 2336 398 2380 esse
416 2320 557 2382 videatur.
603 2321 777 2399 Quamquam
799 2324 875 2381 euim
903 2320 1026 2383 dubitari
1048 2324 1159 2402 nequit,

11 2426 15 2431 ’
111 2409 179 2499 qujn
197 2406 234 2466 al>
253 2407 336 2465 initio
354 2406 443 2484 louge
461 2407 519 2464 alia
536 2403 572 2465 de
587 2424 674 2465 causa
688 2407 754 2466 hnic
769 2405 825 2466 deo
844 2407 992 2466 hortorum
1011 2427 1162 2486 agrorum-

112 2512 167 2572 que
186 2492 274 2553 totela
292 2493 442 2551 commissa
461 2492 513 2561 sit,
537 2508 619 2568 quam
643 2509 714 2567 quae
732 2501 834 2569 postea
851 2510 867 2549 a
884 2493 980 2569 poetis
998 2493 1114 2553 lascivis
1128 2502 1162 2553 et

111 2580 174 2637 siue
193 2576 280 2636 dubio
302 2579 386 2644 etiam
412 2595 430 2634 a
453 2574 558 2654 popolo
585 2576 697 2639 iocoso-
714 2575 781 2635 licta
809 2584 870 2646 est,
897 2576 998 2653 potuit
1014 2579 1162 2645 mmeuiu

112 2663 274 2722 universum
294 2659 366 2719 dous
377 2671 481 2724 ,custos
499 2660 599 2718 haberi
618 2669 648 2719 et
666 2660 736 2719 ooli,
766 2659 840 2727 Nam
858 2660 935 2720 sicut
951 2659 1021 2720 illud
1039 2662 1161 2738 signam,

112 2746 234 2826 quodie
253 2745 358 2824 Priapo
375 2746 529 2824 praecipue
548 2745 667 2816 colitur,
690 2747 804 2805 onroiuo
827 2745 1025 2819 fecunditatis,
1054 2756 1086 2806 ut
1102 2765 1162 2809 m&

114 2832 256 2902 aimonii,
289 2832 330 2890 ita
355 2846 489 2908 agrorum
523 2828 680 2908 symbolum
711 2841 793 2900 orat,
825 2842 855 2889 et
881 2850 934 2902 ea,
966 2852 1040 2911 quae
1067 2830 1160 2904 dedit,
1219 2870 1223 2881 =

113 2917 196 2981 etiam
217 2934 391 2975 conservare
409 2925 494 2992 atque
513 2916 588 2973 tueri
606 2914 758 2991 putabatur
776 2913 826 2995 (cl.
839 2914 974 2987 Klausen,
993 2916 1109 2975 Aeneas
1123 2916 1160 2989 ll,

113 3023 140 3081 p·
160 3007 221 3065 756
241 2999 316 3082 sq),
340 3003 381 3063 ita
399 2998 531 3078 Priapus,
550 3000 599 3077 qui
617 3018 673 3057 uon
693 2998 838 3059 hortorum
858 2999 942 3059 modo
962 3011 992 3059 et
1009 3003 1083 3065 ruris
1101 3001 1162 3060 fru-

113 3097 189 3145 ctum
211 3084 304 3158 dedit,
331 3085 384 3147 sed
407 3092 520 3145 omnem'
541 3085 619 3144 vitae
641 3095 809 3162 proventum
833 3087 885 3159 (cl.
909 3085 1045 3146 Klausen·
1059 3087 1077 3145 l.
1100 3085 1119 3144 l.
1138 3085 1161 3157 l,

111 3192 142 3250 p.
162 3174 237 3240 86),
263 3189 362 3233 eorum
383 3172 501 3229 tutelam
524 3189 639 3250 quoque
663 3180 764 3229 contra
787 3171 865 3231 fores
888 3182 917 3229 et
931 3172 1162 3239 tascinatlonem

113 3256 242 3333 suscipit.
274 3254 340 3311 'llic
359 3254 596 3314 considerandum
616 3266 674 3326 est,
693 3275 750 3314 non
768 3256 859 3314 solum
877 3256 962 3315 horto
982 3267 1012 3315 et
1029 3257 1112 3326 ioco,
1132 3266 1164 3321 ut

113 3342 155 3399 ait
172 3340 279 3402 Plinius
297 3336 511 3416 (X1X‚lr‚19),
529 3338 623 3398 dicata
642 3359 706 3399 esse
725 3340 851 3418 satyrica
870 3341 967 3417 signa,
987 3341 1038 3399 sed
1057 3341 1170 3418 ubique*

113 3426 177 3483 scre
199 3424 332 3501 phallicis
354 3424 445 3500 signis
471 3423 587 3483 diversa
612 3423 745 3483 aedilicia
773 3444 890 3484 ornasse
914 3427 1059 3504 antiquos,
1087 3422 1164 3483 haud

113 3528 181 3568 raro
200 3506 304 3567 additis
321 3507 571 3586 inscriptionibus,
591 3527 666 3586 quae
680 3510 762 3569 uobis
781 3520 876 3568 tamen
895 3527 983 3588 saepe
1001 3529 1090 3568 noras
1107 3508 1163 3567 dit-

114 3593 260 3654 ficultates·
272 3585 382 3655 'creant
410 3593 509 3653 Tales
526 3594 628 3671 phalli,
647 3595 788 3654 interdum
807 3596 946 3672 singulari
960 3594 1045 3653 modo
1061 3595 1162 3677 efficti,
1178 3582 1186 3600 '

114 3679 222 3757 reperti
241 3688 307 3736 sunt
319 3679 347 3736 in
361 3678 449 3737 muris
458 3677 574 3736 Allatrii
584 3679 759 3758 aliarumque
777 3681 888 3745 urbium
905 3678 1163 3758 antiquissimarum

115 3762 168 3844 (ci.
180 3761 319 3834 Dodwell,
339 3761 437 3822 Views
447 3761 505 3821 tab.
517 3767 567 3826 92.
586 3760 661 3822 Anu.
673 3762 741 3822 lust.
756 3765 788 3836 l,.
794 3786 823 3843 p.
834 3770 893 3828 65.¹
904 3764 953 3834 IV,
964 3784 991 3843 p.
1003 3769 1066 3827 247
1075 3772 1162 3843 sqq),

114 3849 143 3912 iu
161 3847 386 3927 aquaeductibus
411 3847 514 3921 (Millin
533 3866 646 3926 voyage
665 3846 735 3906 dans
751 3850 782 3909 le
798 3849 865 3908 midi
885 3848 921 3908 de
939 3849 965 3907 la
984 3849 1094 3908 Frauee
1112 3849 1163 3921 lv,
1268 3912 1271 3917 ,

114 3952 144 4011 p·
157 3939 254 4006 209),
273 3934 490 4013 amphitheatris
511 3932 613 4006 (lllilliu
632 3932 650 3990 l.
670 3933 689 3992 l.
708 3931 759 4004 lv,
778 3954 807 4012 p.
828 3939 891 3997 222
903 3938 968 4011 ¹sq.)
989 3945 1018 3992 et
1036 3935 1064 3992 iu
1083 3933 1163 3993 aedi·

113 4016 168 4075 lius
185 4019 312 4095 priuatis.
357 4019 436 4077 luter
453 4019 657 4094 inscriptiones
675 4019 823 4077 notissima
841 4028 888 4078 est
905 4017 1078 4098 Pompeiana
1095 4020 1160 4078 illa:

114 4099 386 4171 erassatur.
404 4101 617 4178 eternitas,
646 4121 720 4184 quae
746 4123 809 4165 cum
835 4104 966 4252 primo5a
991 4106 1087 4167 multis
1108 4121 1162 4181 pro
