2722 4718
477 402 482 407 ·
622 384 732 435 xm

613 469 782 481 —a--q-a

159 588 282 673 sumsit,
300 608 370 653 enm
387 592 482 661 morti
499 594 686 655 immaturae
706 590 918 657 occumberet.
963 592 1140 659 Praeterea
1158 595 1205 661 ai-

159 701 264 755 terum
282 713 405 771 quoque
423 714 502 771 opus
519 695 582 757 iarn
602 703 701 757 antea
718 697 877 774 inceptum
897 696 1098 775 perfecturus
1121 710 1203 765 erat.

157 788 256 857 Brevi
282 796 367 856 enim
393 802 537 873 tempore
558 805 727 875 antequam
746 798 884 875 patriam
905 800 1050 878 repetiit,
1085 798 1204 864 Fran-

158 896 259 957 nisce
289 894 434 973 Laura,
460 894 642 975 Spaiatino,
666 904 796 961 anctore
822 899 1045 979 inscriptiones
1069 898 1204 967 Daima·

157 998 256 1075 tices,
281 1017 360 1075 quas
380 998 495 1075 partim
517 998 669 1075 ineditas,
695 1000 809 1079 partim
827 1009 987 1063 correctas
1004 1010 1060 1065 ant
1076 1024 1096 1065 c
1112 1003 1203 1068 libris

156 1096 330 1161 rarioribus
347 1099 462 1177 petitas
479 1120 549 1163 cnm
568 1121 606 1163 eo
624 1102 867 1164 communicavit
883 1100 1011 1182 Lunae,
1032 1103 1203 1183 disponen-

158 1201 216 1263 das
241 1206 277 1262 et
301 1196 504 1263 illustrandas
534 1204 687 1280 suscepit,
718 1212 753 1266 nt
779 1206 1005 1267 commentario
1031 1206 1202 1271 instmctns

156 1299 239 1363 libro
261 1320 354 1381 quem
377 1298 535 1363 derebus
556 1300 743 1366 Dalmaticis
765 1306 936 1383 scripturos
955 1314 1024 1369 erat
1044 1307 1203 1371 insereret

156 1402 280 1467 Laura.
322 1402 372 1465 Ab
403 1401 465 1465 hoo
494 1405 565 1465 uiro
592 1403 815 1469 honestissimo
842 1407 1010 1485 invitatus,
1034 1409 1069 1469 iu
1093 1410 1202 1481 anirrm

158 1503 271 1569 babuit
287 1501 543 1582 Keltcmraunus,
562 1528 634 1569 eum
649 1508 681 1567 in
699 1504 826 1569 ltaliam
842 1516 1067 1587 reverteretur,
1084 1506 1201 1588 Spala-

158 1610 238 1671 tium
271 1606 360 1670 adue
389 1606 497 1685 ibique
527 1605 567 1669 de
602 1608 859 1686 inscriptionibus
894 1613 1071 1673 accuratius
1101 1631 1202 1689 quae·

28 1756 32 1761 -
156 1730 246 1788 rere,
271 1729 380 1773 verum
399 1709 550 1787 temporis
572 1711 727 1791 angustiis
748 1711 899 1785 exclusus
920 1732 1013 1791 quam
1031 1708 1200 1785 celerrimo

156 1813 271 1875 itinere
288 1808 422 1875 Romam
432 1808 605 1874 Monaebio
624 1813 724 1890 petiit.
768 1808 815 1876 Ut
829 1814 994 1892 promissio
1010 1815 1077 1879 suis
1088 1822 1201 1897 staret,

156 1914 375 1993 inscriptiones
395 1908 594 1975 Daimaticas
614 1933 741 1991 omnes,
767 1934 898 1977 numero
914 1917 1103 1999 quingentas
1119 1914 1199 1994 iere,

157 2036 215 2078 suo
238 2013 350 2077 ordine
372 2013 540 2093 disposuit,
567 2014 598 2075 io
621 2018 849 2079 commentario
871 2028 978 2079 eutem
1002 2014 1200 2081 elaborando

156 2138 220 2181 non
242 2114 327 2179 nitra
349 2116 587 2195 inscriptionem
608 2118 833 2200 octogesimam
856 2120 997 2198 quintam
1013 2139 1201 2203 progressus

155 2226 215 2281 cst.
241 2216 297 2283 :Io
315 2215 377 2279 boc
397 2226 504 2282 autem
521 2220 759 2296 commentario,
782 2240 852 2282 eum
870 2219 1005 2297 videret,
1022 2220 1202 2299 inscriptio·

156 2340 213 2383 ner
245 2321 332 2399 ipsas
358 2338 421 2381 non
442 2321 511 2383 eins
533 2322 684 2382 momenti
706 2322 927 2405 etgravitatis
952 2342 1039 2397 esse,
1066 2331 1101 2384 ut
1124 2343 1201 2401 prae

156 2424 271 2485 ceteris
288 2421 487 2501 potissimum
503 2428 727 2499 tractarentur,
739 2422 773 2484 id
790 2424 931 2483 maxime
945 2421 1049 2503 egisse
1063 2422 1202 2501 virimar,

155 2530 192 2587 ut
225 2544 336 2586 omnes
370 2522 557 2587 eruditionis
590 2524 700 2602 copias
737 2520 932 2600 effunderet,
970 2541 1084 2586 omncs
1117 2543 1201 2601 qnae

155 2622 360 2708 attingendae
383 2631 475 2687 eraut
494 2626 697 2703 quaestiones
717 2644 811 2701 quam
828 2623 1062 2687 accuratissime
1079 2632 1201 2689 bactu·

154 2733 221 2803 ret,
247 2731 422 2803 cunctaque
448 2726 687 2805 inscriptionum
710 2724 902 2787 ineditarum
925 2744 1042 2808 magno
1064 2746 1200 2811 numero

154 2824 342 2905 illustraret,
372 2824 508 2905 denique
537 2825 697 2889 luculento
728 2820 878 2903 exenrplo
908 2827 1092 2891 ostenderet
1120 2810 1207 2907 quit

152 2935 270 3007 posset.
313 2924 425 3006 Neque
451 2926 588 2990 dubitari
612 2932 734 3007 potest,
764 2926 840 3002 qnia
866 2925 918 2989 bio
942 2928 1200 3009 commentarius,

153 3030 182 3091 si
200 3026 352 3109 perficere
374 3050 445 3091 eoru
462 3026 620 3105 licuisset,
645 3029 728 3090 inter
745 3026 945 3091 doctissimos
962 3036 998 3091 et
1013 3028 1198 3093 ntiibrirnos

153 3128 253 3193 libros
278 3128 463 3193 referendus
488 3130 617 3206 fnisset,
643 3129 875 3209 principemque
899 3128 961 3193 ribi
986 3128 1090 3195 locum
1114 3132 1200 3199 inter

154 3250 212 3293 cos
252 3230 463 3309 vindicasset,
502 3231 535 3294 iri
564 3229 668 3309 ,qued
702 3227 879 3297 almissime
919 3230 1043 3311 patebit
1083 3251 1124 3295 ex
1158 3232 1200 3297 iis

154 3352 235 3413 quae
278 3333 310 3394 in
348 3328 413 3395 fine
455 3332 548 3398 buius
590 3328 693 3395 libelli
731 3350 776 3395 ex
820 3352 859 3395 co
903 3332 1069 3411 decerpta.
1096 3334 1200 3411 speci·

154 3435 248 3498 minis
287 3435 390 3517 gratia
428 3432 635 3499 exhibuimus
695 3430 808 3515 Neque
848 3433 910 3497 boc
948 3435 1097 3497 umanum
1131 3432 1198 3497 ullo

154 3536 250 3599 modo
274 3556 318 3599 nc
341 3556 389 3599 cx
412 3532 538 3599 schedis
554 3532 695 3613 quidem
725 3532 947 3601 Kellermaoui
970 3536 1119 3599 rmareiri
1143 3554 1199 3615 po-

155 3638 243 3710 terit,
270 3657 346 3701 nam
371 3632 460 3699 nulla
484 3634 677 3703 adveneris,
692 3633 746 3699 vel
773 3634 970 3702 collectanea
986 3636 1099 3707 habuit
1118 3634 1200 3699 Kei-

154 3735 351 3816 lcrrnsnuos,
380 3736 446 3805 sed,
462 3735 567 3800 solida
590 3737 735 3811 docmina
763 3739 935 3809 instruetur
963 3739 1200 3819 memoriaeque

156 3836 293 3902 confisus
322 3839 568 3903 commentarios
597 3840 794 3919 conscripsit.
835 3836 1062 3917 lmeriptioaer
1091 3846 1199 3903 autem

155 3941 260 4019 ipsae,
285 3938 436 4005 brevibus
461 3942 546 4005 uotis
566 3938 803 4017 instructius
824 3957 844 4000 e
863 3958 900 4001 rs
916 3935 1074 4001 litteraria
1094 3940 1199 4003 visum

154 4040 269 4120 inerit,
286 4040 336 4105 edi
352 4048 514 4119 poterunt.
539 4090 542 4095 -
559 4039 640 4107 Corn
661 4048 770 4103 autem
786 4038 925 4117 videret,
940 4040 1107 4125 permagni
1121 4059 1199 4103 usur
