2722 4718
421 340 671 476 ’,69

542 502 754 516 ι-ι-ᾲ

125 630 242 694 Romam
258 632 390 704 visitant,
413 626 621 691 'columbarium
643 632 733 710 ipsum
754 639 890 709 poterunt
911 640 1058 711 spectaro,
1086 632 1166 692 cuius
1246 642 1251 646 ”
1289 670 1295 680 ·

126 740 200 779 nuuc
218 719 312 778 ideam
331 737 369 777 ex
386 716 490 776 tabulis
509 717 638 788 B'artolii,
657 716 794 786 Fabretti,
813 714 971 788 Biancbiui,
997 717 1077 776 Gorii
1096 732 1168 777 cott-

45 848 47 853 ,
126 806 225 885 cipere
252 804 404 873 debemus,
436 800 561 861 adbibita
583 802 664 860 brevi
688 794 896 879 descriptione,
928 804 1051 880 quaein
1074 798 1168 862 diario

125 888 483 966 institutiurchaeologici
502 887 567 946 data
585 897 630 947 est
648 885 776 962 (Bullett.
798 891 880 949 1810
897 906 927 964 p·
940 892 998 950 135
1009 892 1081 966 sqq.)

211 973 341 1032 Parietes
363 972 445 1031 buius
471 974 609 1051 sepulcri,
642 970 718 1052 quud
744 992 831 1031 unum·
856 971 942 1050 idque
969 967 1169 1051 amplissimum

126 1059 265 1118 conclave
288 1059 388 1129 babet,
418 1053 547 1136 zophoro
571 1060 664 1117 ornati
687 1068 767 1130 suut,
800 1058 846 1135 qni
874 1057 1000 1116 aviculas
1023 1062 1100 1116 inter
1122 1073 1170 1116 ar·

124 1144 212 1209 bores
231 1140 389 1222 et‘plantas
411 1155 549 1221 vagantes
572 1164 628 1202 non
650 1144 712 1203 sine
734 1152 797 1202 arte
820 1144 913 1221 pictas
936 1142 1067 1214 exbibet,
1094 1142 1172 1203 iufra

126 1247 190 1288 enm
212 1231 299 1307 positi
319 1239 384 1287 sunt
405 1230 492 1288 tituli.
548 1228 580 1287 ln
606 1227 701 1286 medio
723 1240 817 1287 autem
834 1228 972 1306 sepulcro
994 1230 1096 1306 ingens
1120 1246 1171 1286 co-

112 1315 219 1377 lumna
237 1313 283 1373 vel
301 1315 357 1392 pila
375 1315 462 1372 turris
484 1316 574 1372 instar
596 1314 738 1390 exsurgit,
767 1313 847 1371 cuius
870 1323 992 1392 quatuor
1014 1314 1104 1371 latera
1127 1314 1172 1373 io-

126 1399 329 1477 scriptionibus
349 1397 470 1476 figcndis
488 1400 557 1457 satis
580 1399 699 1477 amplum
718 1399 836 1476 spatium
857 1397 1044 1474 praebebant.
1090 1396 1170 1463 llaec

127 1487 224 1548 omnin,
244 1486 311 1563 quin
327 1484 473 1563 ,Campana
495 1485 523 1540 in
548 1499 637 1561 opere
659 1503 711 1541 suo
735 1481 967 1561 splendidissimo
985 1479 1172 1542 tabutis'ittna

72 1599 76 1603 ·
127 1570 424 1639 straturus-sit,.non
446 1568 560 1639 dubito,
589 1588 644 1645 quo
668 1586 757 1647 opere
780 1586 843 1625 curn
866 1568 906 1625 uti
934 1588 991 1625 non
1018 1567 1171 1645 potuerim,
1200 1632 1210 1647 Ι

127 1655 182 1712 bac
205 1653 287 1711 brevi
310 1651 485 1711 indicatione
508 1663 660 1710 contentus
684 1672 748 1711 esse
773 1651 867 1709 debui.
913 1652 944 1712 lu
973 1648 1172 1712 exscribendis

126 1737 218 1795 titulis
234 1739 262 1794 is
279 1736 352 1794 ordo
370 1738 499 1796 servatus
518 1747 571 1807 est,
590 1747 621 1794 ut
638 1735 674 1794 ab
692 1738 748 1794 imo
768 1734 979 1813 procederetur
991 1737 1027 1795 ad
1040 1738 1171 1809 altiores,

128 1832 158 1882 ct
175 1825 215 1880 ita
232 1820 358 1900 quidem,
378 1820 412 1879 ut
427 1841 449 1880 1
462 1818 576 1881 sinistre
594 1823 670 1891 eius,
690 1822 737 1900 qui
756 1821 854 1878 titulos
871 1820 1020 1892 observat,
1040 1820 1174 1880 dextror-
1252 1831 1257 1839 ’

127 1927 186 1967 snm
206 1925 377 1986 progressus
391 1907 490 1966 lieret.
536 1907 648 1966 initium
672 1906 776 1965 facturn
800 1917 845 1964 est
865 1906 956 1964 abeo
975 1907 1100 1985 pariete,
1125 1906 1173 1984 qui

105 1993 244 2052 'intranti
267 1991 403 2051 adversus
420 2003 483 2064 est,
514 1994 562 2072 qni
585 1992 684 2050 titulos
705 1996 815 2054 1-25
840 1993 943 2069 capit,
959 1990 1101 2051 secundus
1123 1992 1171 2052 tit.

69 2109 74 2116 ·
129 2083 267 2148 tlt-58,
290 2079 392 2136 tertius
410 2079 453 2136 tit.
477 2081 622 2149 59-93,
648 2088 764 2156 quartus
783 2077 825 2136 tit.
845 2080 1002 2141 tlt-125.
1043 2076 1101 2135 llos
1121 2095 1173 2134 ex·
1238 2093 1243 2111 ι

129 2163 240 2240 cipiunt
260 2162 281 2218 ii
304 2162 393 2231 tituli,
426 2163 473 2239 qui
496 2164 525 2219 in
548 2161 638 2239 gradu
661 2162 710 2219 fixi
733 2172 811 2232 sunt,
844 2164 890 2240 qui
917 2172 1006 2221 totum
1034 2161 1172 2222 conclave

128 2246 230 2318 ambit,
257 2247 302 2303 tit.
326 2250 518 2316 tto—132,
547 2247 594 2323 qui
617 2265 716 2302 omncs
737 2247 777 2302 ita
801 2250 958 2323 comparati
981 2258 1059 2318 sunt,
1091 2257 1123 2305 ut
1144 2247 1174 2305 iu
1287 2316 1289 2321 A

129 2330 225 2390 medio
249 2340 380 2408 pateram
407 2328 528 2388 effictam
554 2326 679 2386 babeant
709 2328 827 2386 floribus
859 2341 996 2388 ornatam.
1040 2331 1173 2410 Denique

130 2426 288 2516 sequuntur
305 2416 523 2492 inscriptiones,
551 2433 624 2510 quau
643 2415 671 2471 in
690 2432 792 2490 magua
813 2414 862 2471 illa
884 2415 940 2491 pila
963 2416 1075 2493 positae
1098 2425 1173 2486 sunt,

130 2503 213 2560 cuius
240 2503 359 2600 primum
385 2499 458 2558 latus
484 2509 567 2557 tenet
592 2499 649 2556 tit.
662 2503 762 2560 133·-
785 2502 860 2567 160,
884 2499 1061 2570 secumdum,
1097 2489 1175 2597 quod

128 2586 219 2644 multo
238 2585 329 2642 minus
348 2584 434 2642 latum
453 2595 510 2655 est,
539 2583 584 2641 tit
607 2588 713 2647 161-
714 2587 797 2655 165,
824 2578 976 2655 tertium,
972 2543 1064 2662 quod
1083 2585 1174 2663 primo

129 2672 290 2749 oppositum
310 2680 355 2728 est
374 2671 416 2727 tit
437 2668 623 2738 166-181,
644 2678 771 2746 quartum
790 2665 913 2747 denique
931 2669 1173 2733 111185-,187

217 2754 420 2834 Praeterquam
443 2752 617 2834 quodhaud
637 2772 732 2832 pauca
754 2764 831 2824 suut,
860 2772 933 2832 quae
959 2753 1006 2814 vel
1033 2774 1107 2812 nova
1129 2753 1176 2816 rel
1283 2796 1290 2807 ι

133 2843 259 2902 certiora
282 2859 320 2899 ex
342 2842 385 2898 bis
406 2838 642 2918 inscriptionibus
665 2838 836 2909 edocemur,
863 2859 920 2896 uun
942 2841 1084 2897 minimum
1106 2856 1175 2939 pre·

131 2928 201 2985 tium
224 2925 374 2984 cacumin
396 2943 433 2983 ca
455 2942 489 2982 re
514 2922 675 3002 ponendum
700 2921 827 2994 videtur,
860 2921 935 3023 quod
957 2925 1175 2996 commercium,

134 3012 243 3089 quale
234 3031 271 3069 ιιι
283 3010 424 3088 sepulcris
442 3009 564 3110 ollisque
579 3005 746 3079 vendendis,
775 3000 912 3080 emendis,
931 3007 1071 3066 donandus
1081 3004 1176 3066 locum

133 3094 246 3164 babuit,
273 3094 348 3154 baud
366 3096 466 3173 paucis
484 3094 621 3173 exemplis
638 3094 740 3152 melius
756 3093 921 3164 illustrant,-
938 3111 1027 3173 qnare
1050 3111 1177 3152 commo·

134 3177 199 3238 dum
217 3180 316 3237 facere
334 3181 443 3257 putavi,
470 3181 495 3238 si
518 3199 566 3252 eu,
595 3198 668 3258 qnae
690 3179 746 3237 buc
767 3181 926 3256 pertinent,
955 3178 1124 3257 colligerem
1145 3187 1178 3236 et

134 3284 192 3322 uno
221 3264 320 3322 obtutu
350 3264 456 3321 lectori
481 3262 628 3322 lustranda
653 3274 842 3343 praestarem.
897 3262 993 3322 Aliter
1023 3266 1097 3322 enim
1128 3281 1201 3329 res=

135 3350 215 3407 fuit'
208 3369 236 3406 ιιι
254 3350 290 3406 iis
308 3348 461 3427 sepulcris,
490 3367 562 3426 quae
580 3350 643 3427 quis
661 3350 715 3407 sibi
734 3348 921 3426 familiaeque
936 3365 1005 3407 suae
1029 3366 1177 3426 compara-

134 3435 190 3504 rit,
212 3435 241 3490 in
258 3452 333 3511 quae
351 3433 510 3491 alienorum
529 3452 650 3513 corpora
668 3435 776 3493 inferre
794 3435 910 3492 vetitum
929 3433 983 3490 tuit
1005 3452 1062 3490 non
1085 3433 1177 3493 miuus

137 3538 219 3598 qnam
239 3517 371 3595 sepulcra
388 3516 526 3588 vendero,
546 3529 630 3597 utque
649 3519 678 3577 in
696 3520 741 3591 iis,
761 3537 833 3598 quae
846 3516 893 3577 vel
907 3512 1068 3596 complures
1083 3518 1179 3584 socie·

134 3614 195 3663 tate
215 3603 305 3674 lucta,
333 3613 364 3660 ut
382 3604 448 3662 iam
453 3601 587 3673 vidimus,
613 3602 660 3662 vel
682 3623 754 3662 unus
777 3623 813 3663 eo
837 3602 957 3663 consilio
980 3600 1178 3675 aedificarunt,

134 3699 167 3748 ut
191 3689 312 3765 singulis
339 3689 472 3766 sepulcra
497 3685 703 3746 venderentur.
749 3689 780 3747 ln
807 3689 851 3749 bis
879 3689 954 3748 enim
981 3687 1099 3746 liberum
1115 3686 1180 3746 ,1111

136 3775 355 3846 commercium,
385 3783 415 3831 et
438 3771 529 3853 quivis
551 3774 593 3830 sic
615 3782 647 3830 ut
668 3772 751 3831 libuit
770 3775 818 3847 vel
841 3774 897 3833 loci
920 3773 995 3832 ratio
1018 3773 1082 3830 tulit
1108 3771 1181 3832 ollas

136 3859 191 3918 sibi
210 3859 400 3938 comparavit,
428 3877 499 3936 quus
519 3859 583 3916 aliis
604 3877 703 3916 rursus
715 3857 831 3917 donare
854 3869 903 3918 aut
924 3856 1052 3917 vendere
1073 3858 1177 3935 potuit.

137 3942 222 4004 Solet
237 3955 332 4004 autem
349 3954 485 4003 accurate
503 3942 623 4003 indicari
641 3944 670 4000 in
690 3943 779 4000 titulis
797 3962 929 4001 numerus
951 3943 1082 4014 ollarum,
1111 3952 1142 4002 et
1162 3960 1181 4001 a

138 4047 195 4106 quo
219 4039 249 4086 et
270 4048 325 4107 quo
347 4031 410 4088 iure
429 4039 528 4087 nactus
547 4029 586 4086 sit
607 4028 654 4106 qui
673 4027 783 4085 titulum
801 4027 907 4106 posuit.
946 4026 1000 4086 Ubi
1019 4039 1083 4087 sunt
1101 4029 1180 4086 ollae

140 4114 298 4172 continuae
314 4114 404 4175 semel
422 4125 537 4187 tantum,
558 4112 633 4194 quod
652 4112 763 4186 sufficit,
783 4112 1046 4205 numerus'additur
1058 4133 1088 4175 v.
1099 4133 1127 4173 u·
1138 4115 1179 4174 55
