2722 4718
640 424 719 473 Vill

576 502 791 518 ube-m———n-ad

158 652 238 712 quae¹
280 631 354 695 huic
385 631 592 711 disputationi
634 651 694 712 ego
735 630 842 693 addidi
881 649 920 692 ea
950 628 992 694 ¹iu
1032 635 1120 692 textu
1152 650 1210 694 un·

158 733 236 795 einis
262 731 383 797 inclusa
414 741 502 813 sunt,
536 734 758 797 annotationes
794 755 814 796 a
843 752 894 795 me
924 732 1065 795 adiectas
1092 731 1207 796 litteris

153 831 346 917 significavi.

196 955 200 964 ·
243 935 304 1019 llis
328 959 347 998 a
371 933 597 999 Kellermanno
619 935 772 1015 profectis
793 955 865 996 mea
882 934 1072 1012 interposui,
1099 937 1207 1013 utqui
1266 979 1271 988 ·

156 1036 262 1099 medio
285 1039 459 1100 tutissimus
481 1041 570 1100 irem.
615 1035 757 1099 Alterum
782 1037 864 1097 enim
887 1034 967 1113 quod
990 1034 1067 1097 mihi
1089 1057 1204 1115 propo·

155 1138 294 1201 nendum
316 1137 428 1217 habui,
454 1138 487 1200 id
514 1139 572 1200 fuit
595 1146 629 1201 ut
646 1140 723 1200 viris
743 1137 844 1199 doctis
862 1136 1048 1216 probarem,
1077 1157 1128 1199 me
1149 1159 1208 1216 pro

160 1237 245 1302 uirili
270 1240 408 1304 studium
437 1239 633 1317 adhibuisse,
659 1247 697 1300 ut
713 1240 745 1300 in
764 1234 982 1321 epigraphicen
1001 1259 1053 1300 me
1070 1240 1211 1300 insinua·

159 1359 238 1403 rem.
283 1330 376 1414 Quod
400 1363 469 1403 cum
492 1342 628 1403 viderem
652 1340 741 1402 hrevl
764 1338 825 1402 hoc
843 1341 996 1417 temporis
1014 1336 1116 1418 spatio
1134 1359 1208 1402 eum

160 1443 307 1504 effectum
335 1440 451 1504 habere
470 1463 531 1505 non
550 1463 659 1522 posse,
686 1449 721 1506 ut
744 1462 823 1521 opus
841 1439 968 1520 aliquod
985 1462 1207 1521 proponerem,
1251 1470 1254 1474 ·

162 1543 243 1623 quod
267 1564 357 1605 meae
381 1565 474 1607 curae
498 1543 639 1624 plausum
664 1542 861 1619 conciliaret,
883 1544 1050 1604 materiam
1075 1544 1210 1616 circuam-

162 1645 350 1723 spicieham,
378 1666 459 1724 quae
480 1666 594 1725 perse
616 1648 758 1708 novitate
780 1665 849 1706 sua.
864 1643 1150 1719 commendaretur,
1178 1650 1210 1704 et

74 1768 77 1775 ·
160 1746 228 1826 ipsa
255 1746 395 1808 editione
417 1744 529 1809 litteris
551 1745 720 1808 utilitatem
742 1744 879 1823 mihique
903 1743 1209 1823 quantulamcunque

87 1847 90 1851 ’
161 1845 288 1910 laudem
319 1848 460 1910 afferret·
503 1847 609 1909 Etiam
641 1847 701 1908 hac
731 1847 764 1908 in
795 1867 845 1924 re,
872 1853 907 1907 ut
936 1844 1043 1908 multis
1072 1847 1104 1906 in
1128 1844 1209 1920 aliis,

162 1945 330 2012 Braunio
367 1948 484 2026 debeo,
516 1947 597 2026 quod
630 1946 703 2008 huic
733 1967 805 2008 meo
832 1947 990 2008 desiderio
1022 1946 1209 2008 satisfacere

129 2036 132 2041 ¹
162 2051 261 2131 potui.
295 2048 438 2127 Scripsit
455 2047 543 2126 mihi,
563 2048 720 2109 detectum
739 2069 809 2110 esse
820 2045 941 2109 Romae
959 2069 979 2109 a
996 2049 1064 2109 viro
1083 2048 1211 2130 egregio

164 2159 197 2216 et
214 2152 255 2213 de
272 2146 517 2213 nostris'studiis
535 2151 651 2228 optime
669 2151 792 2228 merito,
818 2146 1022 2228 Campana,
1050 2146 1211 2211 columba-

162 2256 244 2317 rium
261 2272 467 2334 permagnum
481 2272 551 2312 cum
568 2250 822 2329 inscriptionibus
839 2247 1014 2329 permultis,
1028 2251 1111 2314 inter
1127 2259 1207 2328 quas

164 2355 318 2435 quaedam
340 2374 424 2417 nova
442 2353 607 2416 docerent:
635 2373 695 2431 quo
722 2354 832 2415 nuntio
855 2358 983 2429 accepto
1012 2371 1072 2432 ego
1099 2353 1210 2412 statim

54 2467 57 2471 ’
164 2455 324 2533 intellexi,
351 2454 410 2518 hae
435 2456 657 2534 inscriptiones
683 2455 711 2517 si
738 2453 832 2516 edere
865 2472 1008 2532 possem,
1034 2448 1130 2513 facile
1160 2471 1213 2514 me

166 2558 247 2638 qnod
269 2555 432 2636 cupiebam
456 2564 671 2638 assecuturum
694 2576 775 2618 esse.
819 2550 915 2627 Quod
938 2573 1009 2616 curn
1031 2555 1061 2615 ei
1087 2549 1212 2634 signiti-
1282 2558 1290 2581 ⁸

167 2680 299 2734 cassem,
317 2659 403 2720 misit
419 2656 495 2719 mihi
513 2659 620 2721 statim
640 2653 851 2738 apographum
865 2656 1113 2732 inscriptionum,
1129 2653 1213 2733 quod

167 2762 228 2825 sihi
245 2757 397 2836 confecit,
424 2760 622 2837 monuitque,
640 2760 740 2837 ipsum
760 2755 952 2834 Campanam
975 2777 1030 2817 eas
1054 2755 1212 2817 editurum

168 2882 254 2940 esse,
282 2848 317 2923 nt
338 2862 371 2922 in
393 2859 501 2922 diariis
524 2880 646 2939 quoque
664 2860 798 2922 instituti
816 2854 1064 2940 archaeologicis
1080 2857 1213 2935 promis-

9 2994 14 3005 *
131 3038 134 3042 p
168 2985 237 3026 snm
255 2970 315 3025 est.
352 2960 425 3024 Hoc
443 2982 520 3041 opus
539 2961 793 3041 dumexspecto,
810 2961 947 3024 studium
965 2962 996 3022 in
1015 2957 1212 3037 explicandis

168 3065 256 3128 hisee
277 3062 534 3141 inscriptionibus
555 3065 664 3142 posui,
691 3072 727 3126 ut
748 3064 925 3141 experirer,
953 3061 1026 3139 quid
1047 3063 1115 3139 ipse
1141 3080 1214 3138 pos-

167 3187 245 3241 sem,
264 3172 296 3228 et
314 3163 465 3227 baberent
483 3167 510 3227 si
529 3165 603 3244 quid
621 3173 706 3227 esset
722 3164 806 3244 quod
824 3165 862 3225 iis
881 3162 1030 3225 adderem
1048 3181 1128 3239 quae
1145 3160 1213 3222 edi·

170 3277 222 3331 tor
232 3265 391 3329 Romnum
401 3265 553 3329 allaturus
564 3273 659 3343 esset,
669 3264 750 3327 haud
759 3265 887 3341 inscius,
897 3265 1004 3342 copias
1015 3282 1103 3324 meas
1117 3260 1213 3342 longe

92 3372 113 3379 ”
170 3364 350 3449 superatum
372 3369 411 3429 iri
434 3388 454 3429 a
474 3368 544 3429 viro
567 3369 599 3428 in
621 3365 671 3426 his
693 3366 787 3429 rebus
797 3365 1028 3428 versatissimo.
1072 3360 1213 3438 Interim,

121 3469 128 3483 ‘
171 3491 235 3551 quo
264 3466 377 3532 melius
402 3489 470 3530 rem
500 3488 603 3530 meam
630 3486 724 3551 agere
750 3486 889 3543 possem,
916 3462 1073 3527 Braunius
1098 3465 1215 3527 iterum

171 3573 392 3651 inscriptiones
422 3572 469 3632 ita
499 3569 671 3647 descriptas
695 3568 796 3642 misit,
826 3575 861 3629 ut
881 3564 1049 3646 ,campana
1075 3567 1214 3627 editurus

171 3679 256 3749 erat,
282 3671 415 3734 adiectis
433 3671 527 3732 etiem
545 3669 583 3730 iis
610 3689 690 3747 quae
722 3667 762 3730 ah
790 3666 903 3730 eodem
929 3669 996 3729 viro
1027 3667 1213 3727 antoniam

171 3780 316 3852 repertae
338 3775 369 3835 in
393 3792 490 3852 opere
513 3771 580 3833 eius
602 3777 812 3836 accesserant.
855 3767 919 3830 Sed
938 3787 1007 3828 cum
1024 3764 1215 3843 procedente

173 3881 316 3954 tempore
347 3873 617 3954 exspectationem
647 3892 750 3934 meam
780 3870 884 3948 operis
911 3864 1119 3944 Campaniani
1144 3864 1215 3927 lolli

173 3977 327 4052 viderem,
345 3996 405 4038 nee
421 3976 562 4038 rationes
579 3995 674 4036 meaa.
688 3970 784 4034 libelli
802 3969 891 4031 huius
909 3967 1081 4030 editionem
1098 3966 1214 4029 diutius

173 4080 291 4144 morari
308 4084 500 4163 paterentur,
518 4077 644 4162 proprio
655 4071 760 4139 Marte
773 4070 849 4136 mibi
862 4069 1127 4156 progrediendum
1144 4089 1214 4132 esse
