2722 4718
668 409 776 455 x„

579 488 787 501 -b—-n———ss

157 634 262 677 verum
282 620 341 691 est,
359 615 468 694 copiae
486 613 626 677 tribuere
644 613 751 678 vellet.
780 613 952 678 Praeterea
969 614 1066 677 etiam
1085 652 1125 665 -
1144 617 1203 681 sed

156 713 232 779 nolo
251 717 378 778 nimiam
397 717 546 778 allectarc
564 716 763 779 timiditatem
780 753 825 767 —
841 718 957 780 afferre
978 719 1080 795 potui,
1104 719 1152 780 ita
1172 721 1202 781 si

156 817 227 895 quid
246 819 425 895 peccaverit
441 815 622 895 annotator,
641 817 853 880 condonatum
867 820 912 880 iri
929 817 1053 880 lucilius
1069 819 1199 895 editori3

157 938 229 980 nam
256 940 369 983 revera
397 921 465 980 elus
493 920 545 998 qui
572 940 687 980 novum
705 918 860 997 quoddam
879 921 1073 997 antiquitatis
1090 916 1200 983 mouu-

156 1027 297 1082 mentum
331 1020 364 1082 in
395 1017 497 1081 lucem
532 1018 687 1098 protrahit
721 1019 1027 1099 quantulumcunque
1053 1023 1200 1084 meritum

156 1141 226 1182 esse
248 1128 334 1199 puto.
380 1119 511 1183 Pietatis
533 1118 801 1209 autem‘olficium
822 1120 900 1183 nrihi
924 1142 994 1184 csse
1020 1121 1200 1200 videbatur,

157 1241 266 1283 eorum
283 1219 434 1300 lapidum,
450 1242 527 1300 quos
544 1219 865 1300 ipscKellermannus
883 1221 1012 1306 collegit
1029 1231 1062 1286 et
1073 1225 1136 1284 iam
1150 1225 1201 1286 in·
1258 1239 1263 1244 “

153 1318 299 1385 stitutum
324 1321 598 1405 archaeologicum
620 1331 742 1402 servat,
769 1325 991 1404 inscriptiones
1013 1323 1065 1386 hic
1091 1324 1199 1402 edere,

155 1443 231 1504 quas
257 1421 320 1486 illis
344 1424 457 1494 adieci.
504 1423 602 1486 Grato
625 1433 732 1487 autem
754 1429 860 1487 animo
887 1425 963 1488 mihi
989 1423 1200 1504 profitendum

75 1590 77 1595 ,
155 1533 219 1601 est,
256 1546 325 1586 cum
353 1524 461 1587 hurum
488 1527 740 1604 inscriptionum,
777 1548 853 1605 quas
884 1526 1028 1589 manibus
1058 1528 1200 1606 quotidie

156 1628 293 1704 versavi,
305 1622 516 1709 apographum
527 1626 601 1688 mihi
612 1627 717 1690 lacere
732 1628 771 1689 de
785 1628 837 1690 die
851 1629 884 1689 in
898 1629 979 1690 diem
995 1627 1199 1706 distulissem,

155 1735 188 1790 et
214 1727 316 1790 subito
343 1749 362 1790 u
385 1728 506 1790 medico
529 1730 665 1791 monitus
687 1727 819 1791 Romam
840 1728 985 1808 linquere
1006 1729 1198 1808 debuissem,

155 1827 399 1892 Guilielmum
424 1828 659 1892 Abekcnium
686 1832 905 1910 inscriptiones
928 1832 1021 1892 amici
1047 1831 1124 1893 mihi
1146 1832 1200 1894 de·

153 1931 327 2007 scripsisse,
343 1932 471 2007 eiusque
488 1951 539 1991 me
557 1929 737 2012 apographo
752 1952 849 1994 usum
864 1951 945 1994 esse.
968 1929 1114 2011 Denique
1135 1953 1196 2011 quo

34 2058 37 2065 *
155 2031 349 2093 commodius
370 2032 409 2092 iis
427 2051 508 2109 quac
530 2033 561 2093 in
581 2031 640 2094 hoc
657 2030 766 2094 libello
782 2033 906 2095 diversa
920 2053 996 2095 sanc
1011 2039 1043 2096 et
1057 2034 1200 2112 dispersa

153 2133 327 2194 afferuntur
350 2133 397 2194 uti
414 2152 540 2210 posses,
563 2133 684 2196 indices
714 2133 822 2197 addidi
845 2147 992 2198 accurate
1016 2135 1195 2216 conlectos,

154 2232 265 2313 quibus
284 2233 410 2312 quidam
427 2237 529 2315 magis
548 2233 757 2313 delectantur,
776 2256 869 2314 quam
887 2237 963 2315 ipsis
980 2235 1081 2313 libris,
1099 2237 1146 2298 ita
1163 2243 1199 2300 ut

98 2355 102 2364 ·
156 2336 255 2397 cuivis
277 2335 408 2399 editoris
428 2333 555 2433 pificio,
582 2343 731 2415 quantum
753 2339 786 2400 iu
807 2358 859 2400 me
880 2338 957 2416 fuit,
983 2339 1061 2399 satis
1083 2337 1199 2400 fecisse

153 2435 274 2501 videar.

239 2537 330 2602 Haec
351 2538 464 2617 habui,
492 2562 571 2619 quae
593 2540 632 2602 de
654 2563 705 2604 me
726 2562 858 2620 meaque
880 2541 1004 2603 ratione
1020 2537 1198 2618 praelarcr;

155 2637 288 2703 alterum
318 2648 435 2716 restat,
466 2649 501 2700 ut
531 2636 667 2700 deeius
697 2642 772 2716 viri,
801 2642 888 2701 cuius
914 2642 1085 2702 memoriae
1115 2637 1199 2703 hunc

142 2737 296 2802 ¹libellum
314 2738 520 2814 destinamus,
539 2739 605 2799 vita
624 2747 656 2800 et
672 2739 784 2801 studiis
802 2738 942 2801 breviter
959 2740 1111 2816 dicamus.

240 2838 357 2902 Olaus
376 2837 616 2904 Christianus
636 2837 925 2903 Kellcrmannus
944 2847 1037 2903 natus
1050 2839 1212 2904 Havniae-

155 2941 186 3005 d.
213 2945 254 3004 27
277 2941 356 3005 Maii
388 2963 419 3004 a.
445 2949 542 3018 1805,
574 2943 697 3020 privata
728 2943 927 3004 institutione
957 2944 1092 3020 primum
1121 2963 1197 3005 usus

155 3051 204 3106 cst
229 3042 389 3122 usquead
412 3043 567 3104 decimum
590 3046 719 3106 tertium
741 3045 854 3105 aetatis
873 3065 1003 3121 annum,
1026 3065 1103 3123 quo,
1125 3064 1197 3106 cum

155 3165 200 3208 ex
217 3143 276 3207 hac
294 3143 456 3223 disciplina
474 3165 581 3221 parum
600 3143 777 3224 proficeret,
796 3143 926 3207 scholae
939 3148 1064 3210 virtutis
1078 3147 1207 3207 civicae-

155 3244 347 3310 llavuieusis
373 3247 508 3311 traditus
531 3257 588 3311 est.
632 3246 683 3309 Ibi
706 3244 869 3329 diligentia
890 3267 948 3309 sua
969 3249 1015 3310 ita
1036 3268 1072 3308 se
1097 3246 1198 3326 magi-

154 3350 231 3412 stris
262 3351 510 3429 commendavit,
545 3360 580 3412 ut
609 3369 687 3412 mox
715 3350 890 3427 principem
917 3350 1001 3411 inter
1030 3345 1198 3425 discipulos

158 3441 263 3512 locum
285 3450 452 3514 obtineret.
496 3450 617 3514 Verum
640 3457 837 3529 cumpater,
865 3451 916 3529 qui
937 3451 1005 3532 regi
1023 3472 1043 3512 a
1059 3447 1198 3511 consiliis

157 3552 296 3617 iustitiae
332 3551 535 3638 vectigalibus
570 3552 651 3630 apud
685 3549 1025 3614 Neomonasterienses
1055 3552 1119 3633 (qui
1150 3558 1199 3610 est

158 3651 327 3716 Holsatiae
343 3656 443 3730 vicus)
466 3655 665 3734 praepositus
684 3661 762 3732 erat,
780 3650 881 3716 filium
898 3660 988 3715 tanto
1006 3652 1108 3730 spatio
1127 3672 1146 3710 a
1164 3670 1197 3712 so

158 3764 337 3833 separatum
363 3776 457 3839 aegre
483 3757 598 3833 ferret,
625 3755 704 3818 duos
730 3763 803 3834 post
824 3774 923 3818 anuos
944 3755 976 3814 in
999 3752 1197 3835 gymnasium

159 3855 335 3919 Ploencnse
362 3859 502 3936 transiit,
528 3856 582 3919 ubi
614 3855 794 3934 Bremeri,
826 3857 942 3934 optime
970 3854 1074 3915 meriti
1100 3854 1197 3929 senis,

160 3960 306 4035 auspiciis
320 3956 438 4022 litteris
456 3981 584 4039 operam
602 3958 697 4022 dedit.
734 3957 797 4020 Hic
813 3953 959 4017 iuvenilis
977 3953 1115 4016 amicitia
1128 3974 1200 4015 cum

165 4057 390 4124 Kellenuauuo
412 4063 591 4134 ⁴coniunxit
623 4059 853 4123 Ludovicum
886 4054 1079 4134 Roscium,
1096 4114 1101 4127 ,
1120 4075 1200 4145 quae
