2722 4718
675 437 722 484 xr

174 639 260 705 ultra
290 639 430 706 scholam
460 661 582 721 quoque
613 641 737 705 duravit
767 649 801 706 et
825 639 1001 705 litterarum
1028 643 1217 707 commercio

174 745 309 822 posteris
335 765 457 824 quoque
483 742 676 831 temporibus
703 742 769 806 alta
795 756 857 820 est,
885 765 970 821 cum,
997 745 1080 823 quod
1105 753 1218 811 neuter

173 844 249 908 olim
267 848 441 925 suspicatus
460 852 544 923 erat,
566 844 647 907 alter
666 842 811 922 Athenis,
833 843 954 907 Romae
977 844 1059 908 ulter
1081 848 1218 925 antiqui-

173 950 249 1013 tatis
272 937 408 1013 studium
430 948 544 1029 insigni
566 969 634 1010 cum
657 945 750 1010 laude
774 948 928 1010 etlructu
950 945 1107 1026 colerent,
1129 957 1217 1011 uter·
1336 952 1342 959 “

173 1070 234 1129 que
251 1048 505 1128 inscriptionibus
522 1050 719 1127 potissimam
739 1070 844 1111 curam
862 1059 1072 1115 consecraret.
1102 1047 1216 1128 Neque

172 1139 382 1215 Ploenenseln
399 1147 540 1215 scholam
557 1149 639 1212 ultra
651 1158 799 1230 quattuor
812 1171 912 1213 annos
918 1151 1145 1230 frequentavit,
1158 1151 1217 1215 sed

171 1272 204 1315 a.
222 1256 305 1317 1825
328 1250 486 1315 Hauniam
508 1272 654 1315 reversus
676 1251 719 1317 H.
741 1250 788 1314 Μ.
813 1250 1026 1330 Flcmmeri,
1056 1255 1110 1332 qui
1132 1273 1215 1317 nuuc

172 1352 298 1417 scholae
321 1352 639 1436 l'redericoburgensi
660 1362 765 1418 rector
786 1361 927 1434 praeest,
954 1357 1099 1436 egregiae
1123 1355 1217 1417 disci-

172 1453 277 1534 plinae
294 1457 486 1519 commissus
508 1463 572 1533 est,
600 1459 667 1535 qui,
695 1478 765 1519 cum
786 1463 858 1535 post
880 1457 955 1518 anni
972 1458 1062 1519 unius
1079 1457 1216 1534 spatium

173 1557 362 1634 dimitteret,
388 1577 462 1619 eum
487 1564 552 1619 tam
568 1557 615 1623 ab
637 1559 756 1638 ingenii
778 1555 905 1620 dotibus
928 1578 1021 1635 quam
1044 1578 1064 1619 a
1086 1565 1216 1619 strenua

171 1656 336 1740 diligentia
361 1658 604 1732 commendavit,
634 1679 768 1737 eumque
794 1679 845 1721 ex·
859 1657 1040 1723 bominibus
1065 1677 1216 1737 perquam

170 1760 252 1822 raris
279 1778 350 1821 esse
372 1759 582 1837 praedicavit,
609 1762 660 1837 qui
686 1762 804 1823 invicto
835 1758 994 1850 ferrentur
1025 1760 1065 1822 ad
1092 1758 1229 1823 litteras-

169 1860 287 1937 studio,
307 1858 417 1938 quibus
437 1879 507 1922 cum
526 1859 574 1922 bis
593 1858 670 1922 solis
683 1860 766 1923 bene
780 1867 877 1939 esset,
891 1859 931 1923 ab
946 1861 1047 1938 iisque
1061 1881 1095 1921 se
1109 1858 1217 1923 divelli

171 1982 328 2039 nunquam
347 1969 543 2040 paterentur,
562 1969 596 2023 et
617 1963 662 2023 ita
684 1962 825 2040 quidem,
844 1969 879 2024 ut
896 1963 1079 2045 arrogantia
1095 1963 1218 2044 ingenii

169 2061 298 2125 laudem
315 2065 495 2142 neutiquam
515 2063 707 2143 deturparet,
721 2064 779 2127 sed
795 2065 931 2145 ingenua
945 2063 1102 2127 modestia
1114 2065 1215 2146 magis

170 2167 269 2229 etiam
285 2172 426 2226 ornaret.
463 2162 552 2226 Duos
570 2186 627 2243 per
644 2187 744 2228 annos
763 2167 794 2226 in
813 2166 1020 2227 universitate
1038 2163 1216 2229 Havniensi

171 2263 373 2346 philologiae,
393 2265 523 2328 ducibus
542 2263 751 2330 Thorlacio
769 2267 910 2346 inprimis
924 2274 958 2329 et
973 2264 1213 2343 Petersenio,

170 2369 309 2444 vacavit,
329 2367 510 2445 ecquidem
529 2387 692 2447 successu,
709 2378 744 2431 ut
763 2368 823 2429 duo
843 2370 1009 2445 exantina,
1025 2388 1104 2446 quae
1123 2369 1153 2429 ei
1170 2382 1213 2430 ex

169 2489 258 2532 more
279 2470 461 2531 academiae
478 2467 670 2531 Havniensis
687 2467 852 2530 subeunda
869 2478 975 2545 erant,
1002 2488 1125 2532 summa
1142 2489 1213 2531 cunr

169 2569 264 2632 laude
294 2576 469 2648 superaret.
512 2568 598 2632 Tum
627 2571 716 2651 gravi
747 2569 884 2648 quodam
912 2567 1023 2630 morbo
1050 2578 1214 2647 correptus

117 2711 120 2715 -
169 2671 294 2733 domum
313 2679 477 2748 paternam
494 2671 600 2747 rediit,
619 2677 652 2733 et
674 2691 734 2749 quo
756 2667 928 2732 valetudini
945 2667 1128 2733 'consuleret
1144 2669 1215 2749 plus

170 2793 264 2851 quam
280 2793 338 2835 sex
355 2793 517 2857 menresa
534 2770 710 2836 litterarum
728 2771 839 2835 studiis
858 2770 1019 2834 abstinuit.
1043 2768 1134 2845 Quae
1153 2774 1214 2835 ite·

168 2894 237 2937 rum
257 2875 291 2935 in
313 2886 423 2938 nostra
443 2875 649 2937 universitate
671 2894 840 2956 aggressus
859 2882 923 2950 est,
941 2871 995 2934 ubi
1013 2894 1070 2935 sex
1087 2894 1213 2937 menses
1256 2942 1259 2946 ,

170 2983 397 3053 commoratus,
424 2997 445 3037 a
466 2959 664 3038 Nitnscbio
681 2976 765 3040 inter
782 2973 910 3038 sodales
928 2975 1088 3036 seminarii
1107 2973 1211 3052 pbilo-

167 3073 263 3159 logici
280 3084 437 3156 receptus,
465 3078 606 3139 eiusdem
623 3079 682 3140 viri
700 3085 734 3139 ut
750 3074 977 3139 Dablmanni
1001 3084 1033 3138 et
1055 3073 1212 3157 Bergeri

166 3175 353 3241 lectionibus
372 3177 560 3241 academicis
578 3180 729 3243 interfuit.
761 3176 838 3242 lnde
857 3201 886 3241 a.
902 3181 984 3240 1828
1004 3170 1212 3240 Monachium

166 3281 273 3358 petiit,
304 3280 409 3359 ibique
440 3279 520 3343 duos
550 3302 608 3359 per
639 3301 739 3345 annos
775 3289 902 3358 praeter
930 3278 1211 3361 Sebellinglum
1309 3288 1311 3292 ‘
1344 3340 1347 3349 ,

81 3368 85 3377 ”
168 3377 434 3444 Τ1111111111111111
465 3383 660 3461 potissimum
693 3384 807 3460 audiit,
844 3388 877 3443 et
893 3383 935 3461 ia.
965 3385 1044 3443 1831
1077 3383 1213 3460 primum

165 3481 340 3545 studiorum
353 3504 480 3545 suorum
494 3484 650 3562 specimen
663 3485 774 3563 edidit,
786 3485 837 3546 de
855 3504 895 3545 re
915 3481 1075 3545 militari
1092 3480 1212 3544 Arca·

104 3655 108 3661 .
166 3583 249 3645 dum
283 3583 538 3647 dissertationem
567 3584 782 3667 inauguralem
817 3582 999 3666 (Monacbii
1026 3588 1122 3648 1831.
1157 3585 1208 3667 8).

70 3741 72 3750 ,
151 3682 276 3747 'Posuit
304 3687 392 3756 'enim
417 3692 492 3747 tunc
518 3689 668 3765 temporis
694 3676 735 3749 in'
754 3709 789 3750 re
816 3685 944 3749 militari
970 3692 1113 3747 veterum
1138 3705 1211 3763 per·
1274 3672 1279 3687 ’

76 3837 81 3845 .
162 3785 335 3849 scrutanda
351 3788 549 3866 praecipuum
567 3788 714 3864 studium,
730 3809 822 3867 quam
841 3810 908 3851 rem
925 3794 961 3850 ut
977 3787 1101 3866 penitus
1115 3783 1211 3848 intel·
1324 3776 1328 3786 ’

164 3883 265 3969 ligere
285 3894 319 3949 ct
336 3887 632 3967 explicareposset,
656 3888 734 3951 nibil
746 3893 851 3972 ,magis
870 3888 1043 3969 optandum
1057 3886 1119 3951 sibi
1137 3907 1209 3951 esse

163 3987 259 4065 vidit,
291 4009 383 4067 quam
414 3997 449 4052 ut
478 3987 603 4052 ltaliam
635 3991 751 4067 adiret,
783 3992 866 4069 quod
899 3989 1087 4053 desiderium
1118 3997 1207 4052 tanto

163 4089 284 4153 maiore
301 4110 372 4155 cnm
391 4093 421 4155 vi
437 4093 470 4157 iu
488 4113 527 4157 eo
544 4088 770 4172 suscitabatur,
789 4114 850 4172 quo
868 4093 1018 4159 maiorem
1037 4111 1124 4172 spem
1141 4089 1212 4152 ale·
