2708 4724
358 1178 935 1292 Punuunulu.
1018 1282 1021 1287 .
1139 1162 1143 1169 ’

562 1466 733 1481 *to—-

215 1625 283 1726 De
315 1656 448 1719 consilio
478 1665 511 1720 et
535 1661 658 1720 ratione
691 1657 781 1720 huius
812 1655 911 1719 libelli
941 1677 1041 1735 pauca
1066 1653 1173 1718 habea

126 1779 210 1837 quae
237 1758 349 1819 dicam.
395 1755 474 1819 Cum
501 1765 575 1820 ante
600 1778 716 1835 paucos
743 1778 842 1820 annes
868 1755 989 1819 Romae
1015 1776 1171 1835 versarer,

41 1932 49 1944 ἱ
127 1856 295 1920 consilium
323 1858 482 1920 Aemilio
510 1857 674 1921 Braunio
700 1861 896 1938 potissimum
922 1865 1051 1919 auctora
1081 1876 1173 1936 cepa-

128 1981 208 2038 ram,
223 1982 262 2022 en
276 1980 354 2038 quae
368 1960 476 2023 beatus
495 1958 784 2023 Kellermannus
802 1961 841 2023 ad
860 1981 927 2022 rem
940 1955 1171 2042 epigraphicam

128 2062 307 2140 spectantia
323 2082 444 2123 summe
462 2062 567 2126 studio
590 2084 627 2124 ac
648 2060 758 2125 labere
780 2060 952 2144 collegerat
977 2059 1175 2140 ucquireudi,¹

128 2170 165 2224 ut
188 2162 311 2244 digesta
332 2161 459 2225 ederem
481 2171 514 2226 et
535 2163 647 2227 litteris
669 2185 830 2227 servarem
848 2185 928 2243 quae
945 2164 1114 2226 maximnm
1130 2161 1172 2224 iia

128 2262 299 2325 utilitatem
324 2265 469 2326 conferre
491 2285 584 2343 pesse
610 2266 803 2330 viderentur.
847 2264 931 2328 Mox
951 2273 1074 2340 tamen,
1101 2282 1172 2326 cum

129 2361 347 2442 difficultates,
376 2365 487 2444 quibus
510 2374 629 2427 tantum
652 2388 731 2445 opus
749 2388 799 2428 me
816 2387 917 2446 paene
935 2384 1172 2444 suppressumru

107 2492 111 2497 ·
130 2474 230 2543 esset,
257 2473 290 2528 et
306 2469 390 2528 vires
407 2488 493 2528 mens
512 2474 605 2544 atque
623 2466 791 2529 facultates
808 2469 985 2528 accuratius
1007 2467 1172 2528 examina·
1207 2522 1210 2529 .

129 2588 212 2645 rem,
239 2588 317 2646 quas
338 2575 429 2628 tante
451 2568 539 2645 operi
561 2565 758 2644 suscipiendo
781 2568 834 2627 vix
851 2585 944 2645 pares
962 2566 1083 2627 futuras
1101 2585 1172 2628 esse

128 2668 208 2745 vidi,
231 2689 306 2746 spes
328 2669 469 2750 egregia,
496 2688 588 2746 quam
610 2669 716 2730 animo
736 2688 955 2748 conceperam,
982 2688 1053 2729 mee
1075 2670 1172 2746 cpelu

131 2770 279 2831 effectum
304 2770 360 2847 iri,
387 2789 428 2831 ne
459 2768 615 2848 perditum
641 2770 725 2832 irent
754 2770 833 2849 quae
857 2777 924 2831 tam
949 2770 1071 2833 eximia
1096 2790 1172 2831 cura

129 2879 223 2949 atque
244 2868 421 2952 diligentia,
447 2877 538 2932 tanto
563 2871 689 2932 fervore
716 2878 749 2933 et
769 2862 874 2934 studio
901 2892 922 2932 a
943 2868 1177 2933 Kellermauno·

95 2986 98 2991 '
130 2979 282 3054 congesta
297 2972 439 3048 luerunt,
465 2973 566 3054 magis
583 2973 745 3055 magisque
762 2993 813 3034 me
831 2973 985 3050 deseruit,
1008 2979 1041 3033 et
1057 2973 1120 3033 iam
1137 2958 1175 3034 in¹

130 3093 169 3136 eo
188 3094 286 3148 eram,
304 3079 338 3134 ut
356 3071 520 3136 consilium
538 3072 613 3135 illud
630 3082 733 3136 totum
751 3076 931 3136 omitterem
948 3081 981 3135 et
1001 3072 1070 3134 aliis
1094 3092 1171 3151 opus

130 3171 353 3254 perficiendum
368 3173 587 3253 relinquerem,
597 3177 649 3253 qui
664 3174 703 3237 ab
719 3177 844 3256 ingenio
855 3183 887 3236 et
895 3173 1097 3237 facultatibus
1107 3194 1172 3237 me·

129 3275 191 3338 lius
205 3276 347 3337 instructi
361 3278 481 3337 nrainre
495 3298 563 3338 curn
577 3273 692 3339 fiducia
708 3287 740 3339 et
753 3296 898 3339 successu
910 3278 942 3337 in
954 3275 1034 3338 hanc
1043 3294 1172 3339 arenam

130 3376 323 3439 descendere
335 3384 474 3456 possent.
494 3374 585 3440 'l'unc
596 3397 673 3439 vero
687 3376 1012 3462 RegiaAcademia
1023 3373 1173 3438 Beroli·

129 3477 274 3551 nensis,
301 3478 388 3539 cuius
408 3478 550 3540 levorem
572 3487 666 3557 atque
684 3477 938 3541 benevolentiam
955 3475 1172 3541 Gerlrardua

131 3585 164 3641 et
181 3574 458 3655 Lachmannus,
486 3598 547 3656 quo
568 3586 643 3640 sunt
662 3583 764 3642 amico
784 3600 861 3662 erga
877 3599 928 3641 me
946 3579 1067 3655 enimc,
1093 3575 1171 3641 mitt

132 3677 396 3755 conciliaverant,
422 3675 613 3760 significavit
635 3680 728 3758 milri,
755 3703 836 3761 quae
853 3677 1096 3742 Kellermannus
1113 3698 1172 3743 rua
1194 3690 1199 3697 “

131 3801 255 3861 quoque
277 3781 465 3843 auctoritate
487 3787 520 3842 et
537 3782 668 3859 pecunia
685 3782 809 3844 adiutus
827 3782 996 3860 incepisset
1013 3801 1051 3841 ea
1068 3781 1172 3860 perire

130 3903 166 3945 se
183 3903 246 3944 nun
265 3902 439 3961 passuram,
454 3883 561 3961 itaque
580 3881 662 3960 quod
680 3880 728 3944 illi
741 3881 817 3947 clim
830 3902 1018 3946 concessum
1030 3881 1126 3946 fuerit
1137 3882 1171 3945 id

132 3981 209 4044 milri
220 3985 284 4044 inm
297 3986 451 4062 promisit,
467 4004 526 4064 quc
536 3981 754 4046 Kellermanni
768 3981 917 4064 reliquias
926 3986 1088 4065 acquirere
1097 4003 1171 4064 por·

131 4104 210 4147 sem.
227 4081 295 4147 lam
304 4105 365 4169 ego
377 4106 503 4151 omnem
512 4085 740 4153 dubitationem
748 4084 958 4152 abiiciendam
968 4093 1081 4152 asse-et
1089 4102 1173 4166 epus
