2722 4718
720 388 771 461 tu

639 491 853 505 m

85 586 89 595 ,
129 668 136 682 .
165 626 168 631 .
222 619 306 697 sign⁰
333 618 476 699 lupanaris
501 617 599 678 habita
624 629 720 692 esset,
752 631 819 700 post
843 619 1072 683 dissertationem
1098 621 1205 685 Auditii
1232 625 1268 703 (ll

220 705 332 765 fascino
351 723 368 764 e
386 704 405 763 l’
429 703 553 769 amuleto
572 715 674 764 contro
688 703 736 765 del
754 707 865 768 fascino
883 727 983 788 presso
1002 711 1041 787 gli
1055 712 1172 770 antichi.
1187 711 1265 794 Nap.

221 792 335 866 1825),
366 806 446 870 quam
465 786 610 868 inspicere
628 792 683 850 iam
706 811 834 872 nequeo,
861 804 963 854 eontra
981 794 1164 856 inuidentium
1182 799 1267 858 ellas-

221 877 552 954 eiuationes-eomposita
562 896 627 936 esse
637 866 722 935 bodie
732 880 768 936 ab
783 880 912 938 omnibus
926 883 990 941 iere
1004 882 1149 942 censetur.¹
1175 884 1267 942 Simili

219 963 333 1021 ratione
352 956 567 1039 inscriptionem
585 961 756 1036 Acrensem,
779 964 854 1044 'quae
872 960 968 1044 pballo
985 968 1062 1026 alato
1085 967 1181 1028 addita
1204 980 1264 1028 esta

219 1049 298 1107 ΚΑΙ
316 1048 370 1106 CY
386 1046 507 1121 (ludica,
526 1049 665 1108 autiebitd
685 1049 712 1108 di
727 1051 805 1109 Aere
824 1061 843 1110 t.
860 1055 909 1121 tu,
927 1058 969 1121 3),
989 1053 1173 1131 alteramque,
1194 1072 1266 1132 quae

216 1135 248 1192 in
267 1152 378 1209 gemma
397 1128 570 1192 Stoselriuna¹
584 1135 681 1213 pballo
698 1138 764 1194 item
783 1136 858 1194 alato
877 1136 1037 1215 subscripta
1054 1148 1113 1195 est:
1143 1142 1266 1211 ΤΗΛΕ,

140 1278 145 1287 ,
218 1219 369 1295 ingeniose
397 1219 544 1296 explicare
572 1231 690 1279 conatus
717 1231 761 1279 est
785 1221 840 1278 Tb.
865 1219 993 1279 Panoika
1020 1223 1161 1301 (Hyperb.
1181 1223 1264 1282 Rem.

175 1318 182 1343 ⁸
219 1301 302 1364 Stud.
330 1323 359 1381 p.
379 1309 442 1367 317
459 1311 529 1384 sq),
549 1307 648 1385 quibus
671 1308 725 1365 iam
747 1308 861 1365 tentia·
888 1305 996 1365 addere
1017 1307 1098 1378 lieet,
1127 1325 1210 1389 quam
1233 1310 1265 1368 in

216 1389 309 1449 insula
327 1388 422 1448 Thera
445 1388 609 1450 observavit
629 1386 702 1451 Lud.
728 1391 844 1450 llossius
869 1391 987 1464 (Reisen
1009 1393 1065 1455 ani¹
1079 1390 1134 1451 deu
1154 1394 1265 1470 griecb.

217 1473 315 1535 Inseln
335 1474 386 1533 des
404 1493 467 1552 aeg.
486 1475 583 1533 Meers
606 1475 632 1547 l,
651 1495 677 1553 p.
697 1479 761 1550 et).
805 1477 847 1535 lbi
867 1479 940 1535 enim
963 1478 993 1535 in
1011 1478 1172 1553 fragmento
1190 1481 1265 1537 muri

218 1559 763 1641 cuiusdampballusseulptusestaddita
773 1563 977 1639 inscriptiones
990 1565 1093 1622 ΤΟΙΣ
1100 1565 1263 1625 misione.

216 1642 296 1705 Idem
315 1647 432 1705 veroin
454 1646 653 1704 monumentis
665 1647 872 1723 sepulcralibus
896 1665 1009 1725 quoquo
1031 1666 1112 1706 usum
1130 1648 1263 1707 babuisse

215 1729 357 1803 videmus,
376 1729 431 1811 ubi·
443 1731 530 1808 pballi
548 1731 643 1808 imago
661 1741 779 1810 praeter
798 1733 1012 1810 inscriptionem
1032 1732 1068 1790 ad
1083 1735 1185 1791 mortui
1203 1730 1263 1792 me-

215 1819 333 1875 moriam
352 1816 701 1895 pertinentemiuseulpta
721 1816 765 1874 est
776 1818 826 1897 ¹(v.
838 1811 942 1873 Osann.
957 1817 1021 1893 syll.
1035 1837 1063 1893 p.
1078 1822 1172 1889 300),
1193 1817 1261 1879 Cum

214 1903 318 1960 inalia
337 1902 523 1978 inscriptione
542 1901 708 1970 honoraria,
733 1918 805 1976 quae
827 1919 844 1956 a
865 1900 950 1956 solita
968 1901 1088 1959 formula
1105 1902 1267 1966 ΑΓΑΘΗ

216 1987 343 2047 TYXH
353 1986 466 2061 incipit,
489 1982 587 2041 addita
609 1985 647 2040 sit
668 1984 753 2059 phalli
776 1976 871 2060 imago
900 1983 1018 2060 (Osann.
1042 1987 1106 2064 syll.
1125 2008 1153 2066 p.
1174 1986 1259 2069 308),

213 2070 365 2146 ingeniosa
392 2067 560 2126 coniectura
585 2067 638 2125 Tb.
666 2058 794 2126 Panoilra
823 2068 909 2141 (Anu.
934 2062 1003 2127 lnstj
1029 2071 1050 2142 l,
1074 2090 1101 2150 p.
1121 2079 1183 2137 310
1201 2078 1260 2152 sq.)

212 2154 268 2214 boc
294 2153 392 2211 retulit
419 2152 582 2235 Tyaboneun
609 2148 999 2232 daemona-ithyphallicum,
1028 2176 1111 2236 quem
1138 2156 1258 2217 eundem

213 2256 275 2298 uum
294 2237 400 2316 Priape
423 2256 489 2298 esse
508 2237 630 2322 affirmat
649 2236 880 2315 Diodorns'(lV,
900 2245 951 2314 6),
979 2258 1042 2300 cum
1069 2243 1118 2301 alii
1137 2241 1258 2302 enodem

211 2342 277 2384 esse
296 2344 330 2382 aa
348 2323 537 2394 Mercurium,
562 2342 648 2382 causa
671 2334 801 2402 patente,
826 2319 958 2384 dicerent
982 2329 1032 2400 (cf.
1050 2327 1159 2386 Meurs.
1177 2329 1257 2387 leett.

210 2407 278 2469 Aah.
302 2408 342 2480 11,
370 2414 434 2480 14).
481 2407 540 2468 Sed
568 2429 631 2468 cum
658 2411 712 2468 ista
739 2410 887 2488 inscriptio
915 2406 1195 2490 hermae-insculpta
1221 2415 1260 2472 sit

212 2495 402 2579 (Boeeilr'C.
424 2494 448 2554 Ι.
469 2515 498 2554 u.
522 2500 591 2567 189,
611 2515 640 2574 p·
659 2494 745 2574 320),
764 2496 848 2554 aliam
871 2497 910 2555 ibi
928 2494 1151 2573 'explicationem
1169 2496 1258 2556 babet

209 2581 297 2660 pballi
325 2583 431 2659 imago.
482 2579 601 2638 Poterat
622 2590 715 2638 autem
739 2580 866 2639 Pauoilra
893 2583 920 2639 in
947 2601 1008 2640 rem
1034 2602 1113 2640 suam
1139 2591 1255 2641 vertere

209 2667 400 2744 anaglyphum
419 2682 553 2742 perquam
576 2665 761 2724 memorabile
784 2664 949 2725 aBertolio
968 2665 1074 2724 editum
1098 2666 1257 2740 (Antiehitd

209 2748 384 2828 d’Aquileja
405 2767 434 2826 p.
457 2753 522 2820 33).
567 2749 610 2808 lbi
634 2751 708 2809 enim
731 2751 871 2808 bominem
889 2748 1028 2819 videmus,
1056 2752 1103 2828 qui
1130 2769 1256 2828 superne

209 2836 237 2892 in
257 2834 380 2911 pballum
399 2834 545 2912 ingentem
567 2836 621 2894 alis
640 2837 805 2894 instructum
825 2835 944 2906 desinit,
968 2833 1098 2892 adstante
1117 2833 1252 2908 Fortuna,

209 2939 282 2997 quae
301 2920 414 2977 solitum
434 2919 656 2998 gubernaculum
675 2931 767 2991 tenet,
785 2920 862 2978 illurn
874 2921 961 2998 ipsum
974 2920 1062 2996 igitur
1073 2918 1252 2997 Tychonem

209 3024 272 3064 cnm
293 3003 361 3075 dea,
381 3024 398 3063 a
417 3024 472 3084 qua
490 3025 593 3064 nomeu
612 3005 705 3078 ducit,
726 3007 917 3063 coniunctum.
960 3003 1043 3059 Patet
1060 3004 1132 3078 iam,
1150 3013 1183 3062 ut
1199 3024 1254 3081 per

208 3088 292 3148 deum
320 3092 391 3148 iram
418 3091 574 3149 obsecrare
600 3092 696 3150 solent
716 3089 858 3154 homiues,
886 3087 932 3163 qni
954 3086 1053 3144 titulos
1075 3090 1254 3166 sepulcrales

206 3185 380 3255 posuerunt,
401 3177 441 3233 ita
460 3177 570 3253 signum
588 3177 634 3236 vel
647 3184 765 3232 statuam
785 3171 846 3228 eius
865 3168 913 3229 dei
931 3171 1073 3249 sepulcris
1091 3175 1253 3252 appositum

206 3260 310 3332 fuisse,
339 3261 386 3337 qui
404 3280 460 3319 non
479 3259 564 3319 modo
582 3276 677 3318 manus
695 3257 826 3326 furaces,
856 3254 1016 3315 sedetiam
1039 3258 1129 3317 malos
1151 3260 1252 3318 oculos

206 3344 419 3424 invidiosasque
439 3348 549 3424 linguas
568 3359 706 3402 coercere
726 3349 811 3419 atque
829 3352 963 3400 avertere
981 3344 1086 3421 potuit,
1106 3345 1187 3402 cuius
1206 3355 1251 3402 tn·

199 3425 292 3502 telae,
303 3430 436 3510 quicquid
445 3432 585 3490 incolume
595 3427 704 3484 servari
714 3445 794 3504 quam
809 3428 932 3487 marimo
943 3427 1096 3506 cupiebant
1109 3428 1249 3502 homines,

206 3518 387 3576 committere
405 3516 545 3575 solebant.
591 3510 690 3588 ltaque
709 3513 808 3570 nescio
832 3533 867 3571 an
891 3511 990 3572 eadem
1008 3515 1120 3573 ratione
1143 3514 1250 3573 intelli·

204 3599 328 3680 gendum
348 3603 398 3673 sit,
418 3599 494 3678 quod
512 3600 540 3656 in
558 3597 649 3654 insula
658 3597 752 3656 ‘lbera
763 3595 859 3676 Priapi
873 3610 966 3658 statua
979 3618 1035 3657 una
1049 3618 1111 3658 oum
1122 3598 1248 3658 Hecates

206 3687 351 3746 collocata
365 3696 429 3745 erat
441 3684 536 3762 (Roas,
547 3680 654 3741 Reiseu
669 3682 690 3756 l,
710 3704 739 3762 p.
750 3688 815 3756 iil),
837 3703 900 3742 cum
918 3685 965 3743 illa
983 3683 1038 3743 dea
1056 3703 1124 3765 prae
1143 3685 1249 3743 ceteris

203 3771 449 3849 magicisartibus
467 3780 632 3846 praeesset3
662 3772 756 3848 potuit
777 3789 846 3830 vero
869 3770 954 3829 etiam
978 3788 1041 3827 oum
1059 3766 1169 3827 Hecate
1193 3766 1248 3828 dea

202 3857 360 3917 inferorum
387 3856 493 3914 arctius
520 3855 666 3935 coniungi.
723 3855 802 3928 Quae
824 3873 886 3925 res,
914 3855 985 3912 licet
1006 3853 1188 3930 gravissima,
1218 3863 1249 3912 at

201 3941 314 4001 altioris
337 3939 479 4018 indaginis
501 3961 556 4000 neo
579 3942 661 4002 buius
684 3939 767 4012 loci,¹
785 3940 832 3997 bie
862 3931 992 3996 b're'viter
1016 3947 1123 3996 tantum
1148 3947 1248 4014 potest

202 4028 431 4091 commemorari.
465 4026 587 4087 Scilicet
603 4028 757 4106 antiquitus
772 4024 866 4103 ipsiu's
881 4022 970 4100 plralli
989 4022 1070 4100 signa
1084 4023 1160 4103 cippi
1178 4024 1246 4082 loeo

200 4111 230 4172 ln
247 4113 381 4193 sepulcro
399 4122 557 4191 posuerant
572 4123 702 4185 veteres,
725 4128 844 4191 quorum
861 4109 936 4169 sieut
952 4109 983 4167 in
1000 4106 1106 4189 mythis
1121 4109 1242 4181 mentio,
