2722 4718
662 421 739 471 XlV

594 502 805 526 '‘p—*-

162 627 259 696 ⁴Nam
281 631 349 693 iure
371 630 403 692 id
425 630 559 709 primum
581 612 612 693 in
631 629 832 712 epigraphico
855 650 924 693 esre
950 631 1087 709 putavit,
1113 638 1149 697 ut
1174 635 1224 698 iu·

178 735 365 811 scriptiones
383 753 506 795 summa
523 729 587 795 fide
605 754 642 796 ac
658 730 812 815 religione
829 740 1097 812 repraesentaret,
1120 754 1223 815 neque

121 832 124 837 ’
177 836 340 914 quicquam
367 836 528 896 omitteret
555 854 615 912 quo
646 842 770 896 certum·
792 841 825 897 et
855 831 956 896 fixum
980 833 1221 900 fundamentum

172 938 308 1014 iaceret,
330 937 382 998 cui
400 934 541 1014 pulcrum
560 943 594 997 et
610 933 746 998 solidum
764 933 944 999 aedificium
960 940 1134 1014 superstrui
1149 959 1221 1017 poe-

173 1043 238 1116 set,
258 1039 343 1100 cuius
362 1057 426 1099 non
447 1036 618 1100 metuenda
640 1044 725 1100 essct
741 1039 853 1101 ruina·
886 1035 997 1115 Itaque
1016 1038 1120 1102 dicere
1136 1032 1239 1102 sole?

171 1132 244 1216 liat,
267 1159 338 1200 eam
356 1160 377 1201 a
393 1159 428 1201 se
447 1158 553 1201 curam
570 1133 729 1216 adhiberi,
748 1145 781 1201 ut
800 1137 876 1201 olim
893 1159 968 1200 vere
987 1139 1026 1201 de
1043 1159 1078 1202 se
1094 1142 1219 1218 praedi-

56 1258 60 1267 *
172 1241 238 1303 cari
259 1247 378 1318 posset,
397 1240 481 1317 quod
498 1240 538 1302 de
554 1238 676 1301 Smetio
695 1238 780 1302 haud
797 1241 953 1302 immerito
971 1239 1144 1320 dici‘solet,
1161 1242 1218 1305 ubi

64 1352 70 1359 ’
170 1337 332 1424 legeretur
349 1338 667 1418 „Kellermannus
684 1341 791 1405 vidir‘
807 1342 937 1405 dubium
953 1361 1017 1405 non
1036 1334 1117 1421 esse}
1140 1344 1218 1423 quin

169 1449 258 1504 recte
288 1441 420 1504 vidisset
446 1448 479 1505 ct
503 1463 614 1504 rerum
641 1442 812 1506 dedisset..
833 1443 877 1506 Et
901 1445 930 1506 si
956 1464 1013 1507 eos
1034 1445 1121 1508 viros
1138 1465 1217 1523 prae
1244 1484 1248 1489 -

170 1544 283 1606 ceteris
301 1543 506 1621 admiramur,
530 1545 582 1624 qui
604 1552 764 1608 contemta
784 1565 868 1606 vana
889 1543 992 1627 gloria
1013 1547 1068 1607 uni
1088 1547 1216 1609 veritati

169 1642 309 1721 student,
322 1651 429 1724 atque,
442 1653 479 1708 ut
495 1644 609 1709 litteris
627 1642 702 1708 dere
719 1648 852 1726 prosint,
866 1666 987 1708 summo
1006 1646 1109 1709 studio
1123 1667 1215 1708 vera·

169 1765 229 1825 que
251 1745 405 1831 religione
428 1769 468 1810 ne
489 1748 620 1810 minima
642 1748 767 1827 quidem
790 1747 967 1831 negligunt,
994 1767 1096 1827 neque
1111 1745 1213 1812 ullum
1298 1759 1302 1766 “

167 1843 310 1911 laborem
333 1849 527 1926 detrectant,
553 1869 630 1910 vere
652 1848 735 1911 hanc
756 1847 881 1910 laudem
899 1846 1125 1912 Kellermanno
1147 1853 1215 1914 vin-

167 1947 320 2025 dicamus,
340 1950 391 2025 qui
410 1969 449 2011 co
468 1968 576 2011 amore
593 1947 672 2011 hacc
689 1949 795 2011 studia
813 1947 974 2028 amplexus
992 1957 1052 2029 est,
1068 1957 1104 2014 ut
1120 1953 1152 2013 in
1171 1954 1212 2015 iis

1 2128 2 2135 ἵ
117 2089 121 2095 ,
166 2068 275 2111 veram
306 2049 404 2111 vitam
434 2050 607 2126 inveniret,
638 2069 738 2128 eoque
763 2049 863 2129 pluris
899 2051 1097 2114 aestimanda
1131 2051 1212 2116 haec
1298 2109 1301 2114 .

164 2151 225 2211 viri
252 2151 352 2212 virtus
379 2156 444 2228 est,
468 2150 550 2229 qued
576 2173 596 2214 a
620 2153 727 2229 paucis
753 2157 892 2229 tantum,
919 2161 998 2231 quot
1020 2160 1053 2217 et
1070 2162 1210 2233 quantae

164 2248 331 2313 molestiae
357 2257 450 2331 atque
469 2249 675 2328 difficultates
692 2253 888 2331 superandae
906 2259 1023 2332 essent,
1047 2257 1210 2318 aestimari
1268 2287 1276 2294 ·

163 2372 258 2432 posse
290 2352 371 2416 bene
402 2351 574 2417 intellexit.
616 2351 750 2436 Ingenui
780 2353 872 2417 huius
902 2354 997 2418 studii
1022 2358 1118 2418 etiam
1145 2355 1209 2420 hoc

163 2453 383 2517 documentum
405 2454 482 2535 fuit,
509 2455 594 2535 quod
617 2456 735 2531 amicos
758 2476 880 2536 quoque
901 2455 935 2516 in
958 2457 1210 2520 communionem

162 2553 255 2618 huius
274 2577 390 2635 operae
407 2559 521 2634 traxit,
545 2577 646 2635 neque
662 2557 724 2620 fuit
743 2559 906 2636 quisquam
928 2576 1038 2619 eorum
1060 2558 1113 2637 qui
1135 2578 1208 2621 cum

162 2676 202 2719 eo
219 2657 384 2730 vixerunt,
403 2657 478 2731 quin
496 2673 618 2731 quoquo
635 2655 731 2714 modo
748 2664 855 2731 posset
871 2659 1093 2732 inscriptiones
1111 2679 1208 2737 quae·

161 2760 257 2828 reret,
277 2751 479 2829 describeret,
498 2751 727 2815 Kellermanno
744 2755 900 2826 mitteret;
937 2749 1076 2832 quisquis
1094 2776 1207 2824 eorum

160 2857 221 2918 iter
250 2853 328 2916 fecit
356 2855 577 2932 inscriptiones
612 2854 816 2932 transcriptas
848 2861 904 2918 aut
932 2874 990 2933 per
1018 2853 1144 2918 litteras
1174 2861 1206 2922 ei

159 2956 260 3032 misit,
287 2960 342 3017 aut
366 2955 559 3019 redureoum
584 2976 622 3018 eo
646 2943 902 3033 communicavit,
929 2955 1011 3017 unde
1032 2955 1206 3035 permultae

160 3057 229 3120 eius
253 3053 407 3134 schedae,
438 3058 526 3136 quasi
553 3057 710 3119 amicitiae
738 3063 771 3118 et
799 3054 1024 3136 hospitalitatis
1050 3066 1204 3139 tesserae,
1293 3134 1296 3143 Ι

158 3157 288 3220 aomina
314 3158 486 3219 amicorum
515 3160 568 3236 qui
598 3158 832 3236 exscripsemnt
865 3156 1042 3238 subscripta
1071 3159 1202 3239 babent,

157 3255 464 3337 Abekeniorum,
514 3257 770 3336 Ambroschii,
823 3257 961 3340 Gayei,
1011 3257 1201 3340 Krameri,

157 3357 394 3442 Scheppigii,
430 3360 499 3439 qui,
530 3362 558 3424 si
585 3359 665 3423 haec
695 3358 818 3443 legent,
847 3367 941 3444 grato
971 3362 1078 3425 animo
1108 3364 1202 3426 amici

158 3461 300 3525 defuncti
317 3463 501 3523 memoriam
518 3460 671 3527 recolent.

241 3561 315 3626 Hoc
341 3562 545 3643 conquirendi
570 3571 603 3626 et
624 3562 823 3626 describendi
846 3561 959 3627 labore
986 3584 1051 3628 non
1071 3570 1202 3628 conten·
1251 3650 1253 3655 Ι

155 3669 223 3742 tus,
249 3685 329 3744 quae
350 3671 446 3728 autea
466 3685 487 3728 a
503 3665 578 3728 viris
595 3663 697 3746 doctis
714 3664 850 3730 collecta
871 3672 904 3729 et
925 3664 1086 3745 explicata
1108 3670 1201 3729 erant

155 3767 189 3829 in
207 3785 297 3828 suum
313 3786 405 3829 usum
422 3756 606 3829 matertere
624 3767 754 3848 studuit,
772 3774 806 3831 et
820 3767 890 3847 pari
907 3765 1200 3844 assiduitatemque

157 3864 320 3948 diligentia
340 3869 511 3931 immam
532 3869 770 3948 inscriptionum
791 3866 957 3931 thesauros
975 3872 1009 3928 et
1024 3867 1197 3950 ingentem,

157 3986 249 4046 quem
279 3987 465 4033 enumerare
494 3971 552 4033 vix
581 3972 699 4049 possis,
730 3968 882 4033 librorum
908 3966 949 4030 ad
974 3965 1198 4051 epigraphiceu
1302 4030 1310 4047 ,

155 4068 363 4147 spectantium
384 4090 549 4135 numerum
568 4069 756 4152 persolvere
777 4075 811 4134 et
831 4089 903 4134 cum
919 4069 985 4134 suis
1001 4070 1084 4136 inter
1101 4090 1198 4153 seque
