2722 4718
574 387 787 497 *ιι*

85 606 88 614 “
154 623 407 708 commemorata
427 617 486 710 sit,
506 616 779 689 verisimillimum
802 623 867 708 est,
890 616 988 689 etiam
1004 616 1101 690 buius
1120 641 1198 693 arae

154 722 393 794 dedicationem
420 745 486 801 non
508 744 581 790 esse
602 722 882 815 praetermissam,
907 721 1102 814 pracsertim
1124 745 1200 793 cum

106 850 115 858 ’
154 849 207 914 ea,
225 831 380 918 quantum
399 847 442 892 ex
451 818 566 893 Ovidii
583 822 690 892 verbis
704 821 820 916 colligi
833 821 1012 917 potest,‘ad
1021 821 1200 893 Actiacam

117 944 119 949 ’
154 920 331 997 victoriam
354 926 462 994 relata
488 924 561 994 ιιι.Ι
596 921 669 993 Nec
696 924 829 994 obstant
853 932 905 994 ιι.
933 920 1199 995 SVPPLICA-

44 1074 46 1079 -
156 1024 260 1098 ΤΙΟ.
282 1023 504 1097 IMPER..
525 1047 638 1094 .uam
657 1021 799 1096 Ovidius
822 1048 949 1120 quoque
971 1025 1035 1096 boc
1057 1024 1112 1096 die
1132 1050 1201 1098 nou

156 1128 262 1201 solum
277 1128 317 1198 de
328 1126 419 1198 Pace
432 1126 589 1221 loquitur,
602 1124 660 1196 sed
674 1133 847 1221 praeterea
860 1125 1087 1198 sacerdotibus
1100 1150 1202 1222 prae-

60 1246 64 1251 '
157 1227 369 1325 cipitOEast.
386 1228 420 1322 I,
439 1233 510 1307 721
532 1224 639 1323 sqqa)
714 1272 718 1277 -
806 1245 809 1252 '

22 1382 31 1395 ,
203 1329 314 1425 thue
333 1282 447 1402 domim
431 1357 460 1421 s,
478 1354 562 1425 quae
579 1353 675 1424 praes
677 1334 725 1401 tat
742 1354 825 1421 eam,
844 1355 919 1400 cum
926 1292 1018 1402 Pace
1030 1335 1202 1427 percurret,

259 1431 367 1503 Ad
334 1457 390 1550 pra
405 1455 597 1529 propensos
604 1437 680 1501 vota
696 1438 812 1525 rogate
825 1429 958 1503 Deos
1225 1496 1233 1509 ,

155 1535 275 1629 Itaque
292 1535 399 1630 potuit
415 1534 534 1605 lestum
551 1534 615 1604 hoc
628 1531 775 1603 dedicari
791 1531 1052 1625 Imperatoris
1072 1529 1202 1604 Genio

157 1644 196 1709 ct
215 1634 314 1706 Paci
340 1643 396 1708 aut
416 1635 580 1732 Imperii
601 1632 675 1705 Dis
697 1633 926 1706 custodibus
947 1639 986 1707 et
1002 1631 1123 1726 Paci,
1148 1634 1203 1705 rel

157 1736 259 1810 simili
276 1739 418 1810 ratione.
1088 1786 1091 1791 -
1206 1804 1209 1808 .

155 1910 159 1919 ,
259 1839 441 1935 Hucusque
462 1838 642 1933 procedere
664 1836 757 1929 potui
775 1859 851 1905 cum
869 1836 1045 1907 securitate
1063 1836 1204 1931 quadam

157 1939 351 2011 verisimilia
366 1946 457 2008 certe
474 1933 677 2024 inveniendi,
704 1958 815 2006 verum
834 1960 919 2031 quae
939 1936 1006 2026 iam
1023 1946 1204 2032 sequuntur

155 2041 342 2115 litteramm
357 2037 516 2131 reliquiae
531 2037 745 2153 iuterpretem
763 2037 937 2134 desperare
953 2020 1079 2110 iubent.
1117 2038 1204 2111 For-

157 2147 247 2213 tasse
260 2139 365 2234 possit
378 2137 497 2232 aliquis
510 2136 674 2232 suspicarr
662 2137 813 2209 litteras
824 2190 834 2210 .
846 2138 967 2220 ,ΧΙΜ
977 2191 987 2210 .
999 2190 1032 2211 ..
1052 2146 1204 2237 spectare

64 2306 68 2312 .
124 2334 129 2339 ¹
157 2242 203 2314 ed
219 2240 401 2336 pontifex
413 2238 650 2329 ΜΑΧιιιιιιι,
668 2241 863 2340 praesertim
876 2241 1205 2338 cumAugustuslll

159 2343 251 2417 Non.
268 2341 374 2414 Mart.
392 2341 543 2438 pontifex
560 2341 722 2413 maximus
740 2341 913 2415 factust
867 2351 924 2415 ιιι.
970 2343 1058 2414 Tum
1073 2366 1206 2439 ponen-

160 2444 373 2535 domasset,
411 2443 839 2540 spatiumquoduacuum
866 2445 1005 2535 mansit,
1039 2444 1204 2540 pertinere

158 2544 206 2623 ad
230 2496 483 2642 praecedentem
509 2546 648 2636 lineam,
678 2546 727 2620 ita
756 2554 793 2618 ut
825 2495 1022 2643 supplicatio
1053 2545 1206 2642 complu-

156 2648 255 2719 ribus
282 2648 345 2719 diis
371 2646 505 2719 decreta
530 2647 586 2738 sit,
613 2671 750 2742 quorum
776 2649 912 2717 nomina
935 2671 1009 2717 cum
1032 2672 1098 2718 uua
1115 2647 1207 2719 linea

53 2802 60 2817 .
160 2749 265 2823 scribi
290 2774 357 2820 ιιοιι
382 2749 566 2845 potuerint,
592 2749 698 2821 altera
722 2747 1058 2818 fuissecoutiuuata.
1117 2745 1208 2818 Mihi

159 2857 272 2925 temen
293 2850 357 2923 hoo
378 2851 520 2946 spatium
539 2875 679 2929 vacuum
700 2849 926 2921 demonstrare
941 2847 1050 2941 potius
1067 2847 1207 2942 ridetur,

46 2980 55 3000 ι
160 2951 269 3023 lineas
286 2951 459 3023 inferiores
475 2976 543 3024 non
555 2952 658 3023 fuisse
672 2952 865 3027 coniunctas
879 2972 954 3018 cum
967 2948 1207 3044 superioribus,
1230 2985 1232 2991 v

158 3053 402 3144 -calerdarium,
420 3060 574 3147 utsupra
591 3053 657 3123 iam
675 3051 755 3140 dixi,
775 3048 898 3121 duabus
917 3049 1080 3121 columnis
1097 3051 1208 3148 scrip-

21 3159 24 3162 ’
158 3149 232 3227 tum
257 3152 375 3245 luisse,
402 3178 540 3249 quarum
567 3154 672 3224 altera
694 3149 824 3245 perdita
848 3150 905 3222 sit.
955 3148 1078 3223 Eidem
1098 3161 1208 3226 autem
1254 3218 1259 3227 .

160 3254 284 3351 lepidi,
307 3256 396 3326 utin
413 3254 602 3339 calendario
617 3251 810 3343 Αιιιιιιιιιο,
832 3252 919 3324 aliae
936 3277 1065 3349 quoque
1082 3277 1135 3324 res
1153 3254 1210 3324 iu-

12 3344 18 3353 ’
104 3356 108 3360 ’
161 3356 308 3451 scriptae
325 3363 435 3450 eraut,
453 3374 535 3454 quas
553 3376 642 3431 nuno
655 3359 695 3425 ut
711 3376 766 3426 res
784 3378 820 3427 sc
837 3354 1124 3428 habeutdiriuare
1140 3379 1208 3465 nou

160 3481 347 3554 possumus.

590 3696 795 3709 m—
