2722 4718
670 310 963 473 ⁷⁸⁴.

241 606 244 611 ·
261 574 357 659 Inter
371 574 501 682 lepiies
516 572 692 680 litteratos,
711 587 766 684 qni
783 580 881 662 nobis
897 588 1019 662 serrati
1031 596 1120 684 sunt,
1137 608 1205 665 non

160 688 280 761 desunt
305 689 474 785 exempla,
500 710 605 782 quae,
632 688 763 760 etiamsi
783 696 896 763 nosue
921 692 1111 765 mendane
1136 717 1205 767 non

160 812 297 887 prorsus
314 790 437 862 similia
453 790 532 881 sint,
549 796 660 861 tumen
676 789 748 863 dies
764 789 867 864 festos
885 800 1058 867 annotatos
1071 795 1203 888 babent,

159 892 405 988 quiacoloniis
418 890 533 963 domus
541 891 715 987 Augustae
728 890 1045 967 honoriconsecrati
1057 894 1206 968 fuerunt.
1326 898 1336 915 '

158 993 204 1065 In
229 994 446 1066 celeberrima
468 1016 529 1064 ara
548 992 778 1088 Narbonensi,
804 1019 901 1092 quam
926 1005 1003 1092 post
1024 993 1205 1070 Gruterum

159 1095 275 1186 (229,
303 1091 344 1186 1)
369 1095 537 1191 aliosque,
567 1120 650 1192 quos
680 1107 851 1170 enumerat
875 1097 1033 1170 Millinus
1063 1096 1205 1194 (voyage
1312 1132 1315 1137 ·

159 1198 242 1268 dans
262 1196 313 1268 les
330 1192 405 1293 dep.
424 1196 469 1268 du
486 1198 565 1270 midi
583 1199 623 1269 de
639 1199 674 1270 lo
691 1197 828 1272 Frauoe
845 1198 899 1271 lv
917 1226 952 1297 p.
970 1195 1078 1293 375),
1101 1200 1206 1272 edidit

159 1295 310 1371 Orellius
327 1299 479 1392 (2486),
504 1301 541 1371 in
561 1324 627 1396 qua
643 1299 878 1374 Narbonenses
899 1328 941 1374 se
959 1301 1204 1391 numiniAu·

159 1400 333 1497 gusti‘in
359 1409 587 1501 perpetuum
613 1402 779 1474 colendo
803 1405 1093 1499 obligaverunt,
1118 1403 1203 1496 dies,
1301 1414 1309 1429 '

79 1553 81 1557 s
159 1503 277 1599 quibus
298 1507 366 1575 tres
390 1501 515 1599 equites
536 1512 571 1575 et
590 1511 658 1576 tres
678 1505 825 1577 libertini
841 1506 966 1578 bestias
983 1504 1155 1575 immolent
1170 1508 1205 1576 et

158 1604 287 1677 colonis
307 1612 342 1701 et
362 1606 484 1676 incolis
505 1606 546 1676 ad
564 1606 815 1701 supplicandum
837 1607 963 1679 numini
984 1606 1056 1679 eius
1078 1605 1154 1677 tbus
1171 1612 1206 1679 et

158 1707 271 1775 vinum
291 1712 477 1801 praestent,-
497 1706 532 1774 bi
552 1709 658 1776 notati
679 1715 772 1778 sunt:
797 1706 915 1778 VIIII
937 1708 1023 1779 Kal.
1046 1704 1203 1801 Octobr„

158 1830 225 1903 qua
243 1805 298 1876 die
315 1813 413 1877 natus
430 1800 696 1903 erutAugustus‚
713 1816 784 1881 tum
797 1806 895 1880 VIII
908 1809 993 1879 Kal.
1006 1805 1099 1897 Oct,
1116 1807 1203 1878 Kal.
1227 1890 1232 1907 x

157 1906 247 1999 Iam,
262 1904 441 1980 etvlllt.
451 1906 540 2000 Ian„
553 1932 619 2004 qua
631 1908 684 1980 dic
696 1911 838 2004 primum
850 1908 1124 2005 imperiumorbis
1134 1915 1205 1979 ter-

156 2032 268 2081 rarum
285 2011 475 2107 auspicatus
493 2018 555 2098 est,
574 2008 715 2104 denique
730 2008 836 2104 pridie
854 2009 939 2079 Kut.
950 2006 1040 2099 lum,
1058 2004 1145 2103 qood
1163 2026 1204 2080 ete

157 2110 365 2209 bieliudicia
389 2110 497 2209 plebis
524 2108 767 2181 decurionibus·
782 2110 966 2182 coniunxit.
1026 2107 1070 2180 In
1097 2110 1205 2181 ultera

157 2208 300 2308 quadam
321 2232 381 2281 era
402 2209 599 2282 Florentino
621 2209 739 2299 (Grut.
760 2218 852 2304 228,
880 2219 916 2287 8.
944 2210 1046 2303 Gori,
1073 2209 1203 2284 Inserr.

157 2310 235 2385 Etr.
254 2311 293 2403 l,
314 2317 407 2403 316,
430 2317 491 2385 64.
518 2309 646 2402 Orelli,
670 2310 763 2401 686)
787 2314 874 2385 diem
896 2315 1039 2385 natalem
1056 2313 1203 2408 Augusti

157 2413 395 2511 etque'l'iberii
407 2420 637 2484 consecratum
645 2413 794 2502 uidemus
807 2415 911 2486 cultui
924 2414 1203 2508 numiniseornm,

156 2540 221 2589 nec
237 2517 346 2587 minus
363 2516 538 2608 Augustae
554 2512 676 2584 Liviae
692 2508 849 2604 natalem,
867 2522 901 2584 et
915 2514 973 2586 VI
989 2515 1072 2585 Idus
1084 2514 1203 2608 Mart,

158 2640 224 2715 qua
239 2616 295 2688 die
312 2612 372 2687 Ti.
392 2613 519 2687 Caesar
534 2613 685 2710 pontifex
702 2615 866 2687 maximus
882 2623 1013 2689 creatus
1031 2620 1097 2706 est,
1115 2616 1205 2687 mui-

156 2743 230 2792 sum
252 2725 286 2790 et
300 2717 451 2791 crustula
466 2716 502 2788 in
518 2717 676 2791 honorem
693 2715 849 2815 eius-diei
864 2716 986 2814 populo
1004 2715 1115 2789 banda
1129 2738 1204 2792 esse

156 2817 405 2920 praescribitur.

258 2921 323 2994 llis
345 2919 536 3017 praemissis
552 2920 619 2991 iam
637 2919 679 2991 ad
696 2920 828 3016 singula
847 2922 1035 2993 accuratius
1052 2921 1203 2995 conside-
1327 2938 1335 2951 ⁸

157 3024 263 3113 ranila
279 3023 447 3114 accedam,
465 3023 496 3094 si
511 3022 546 3093 id
562 3046 662 3101 ouum
681 3046 840 3094 monuero
857 3047 899 3094 ex
911 3023 953 3094 iis
967 3022 1065 3114 loeis,
1083 3024 1202 3118 quibus

157 3127 276 3199 melius
298 3131 492 3198 conseruata
514 3133 564 3198 est
583 3124 773 3220 inscriptio,
794 3125 870 3196 lucc
889 3124 1012 3195 clarius
1030 3136 1202 3220 apparere

158 3253 211 3321 ea,
229 3251 313 3324 quae
329 3233 420 3298 certo
438 3227 578 3323 tempori
595 3225 760 3322 assignari
775 3233 926 3320 possunt,
942 3225 992 3298 ita
1004 3227 1201 3314 enumerari,

159 3338 198 3402 ut
217 3330 380 3402 mensium
402 3328 483 3398 onio
501 3336 662 3422 serretur,
688 3328 774 3400 unde
792 3327 955 3422 sequitur,
980 3327 1016 3399 iu
1033 3328 1089 3419 iis,
1117 3348 1202 3422 quae
1348 3360 1351 3365 ·

158 3428 226 3502 iam
251 3431 442 3502 coniectura
465 3429 669 3502 restituenda
694 3437 728 3502 et
753 3428 919 3526 explenda
939 3434 1037 3520 sunt,
1063 3427 1202 3499 eundem

83 3557 88 3567 ’
158 3531 307 3605 ordinem
324 3554 397 3605 esse
414 3531 602 3602 tenendum.

259 3631 343 3705 Lin.
365 3639 399 3706 1.
417 3630 537 3702 XIIII
553 3630 647 3703 Kal.
675 3618 784 3730 Sept.
810 3656 843 3728 q.
867 3655 898 3703 e.
925 3629 959 3702 d.
979 3626 1091 3701 Caes.
1117 3628 1203 3726 pri-

158 3733 288 3810 MVM.
307 3730 668 3807 CONSVLATVM.
685 3732 740 3805 IN
759 3734 818 3805 iit.
840 3729 1080 3828 supplicatIo
1102 3728 1202 3805 Ioui.

261 3834 347 3910 Cum
361 3860 413 3929 ea,
431 3860 514 3932 quae
525 3835 586 3907 lin.
597 3841 669 3912 23
683 3831 1044 3927 commemorantur‚atl
1056 3856 1202 3907 mensem

160 3934 390 4036 Septembrem
414 3944 582 4036 spectent,
613 3936 822 4029 consulatus,
849 3937 944 4008 cuius
967 3935 1004 4008 iu
1029 3934 1094 4008 bac
1113 3936 1204 4027 linea
1285 3944 1288 3949 '

160 4041 284 4112 mentio
299 4041 353 4134 tit,
377 4040 536 4114 auteriori
550 4037 691 4136 tempori
707 4037 944 4113 adscribendus
958 4045 1022 4112 cst.
1067 4035 1204 4112 Edoce·
1231 4108 1240 4119 ,
