2722 4718
684 394 794 447 XVIII

219 614 285 671 tem
305 604 451 667 suumin
464 608 555 666 urum
573 608 698 666 vertere
714 600 830 681 potuit.
872 595 958 680 Nam
975 622 1045 665 cum
1063 598 1145 673 haec
1160 602 1270 669 etudia'

219 710 255 771 in
269 704 365 769 Italia
382 702 600 788 multomagis
617 704 762 786 vigeant,
780 723 873 783 quam
891 703 973 783 apud
990 722 1062 781 noo,
1080 710 1115 767 et
1131 706 1270 771 inrtituti

220 805 453 891 archaeologioi
463 804 558 887 longe
567 803 632 867 alia
645 807 818 867 auctoritas
831 806 886 883 rit,
896 806 1073 885 rcripteque
1085 808 1155 869 eiua
1167 806 1270 871 multo

219 910 339 973 maiore
360 929 431 971 curu
451 908 557 970 etudio
576 905 741 990 leguntur,
765 902 840 969 'fieri
857 927 927 969 non.
939 908 1059 986 potnit,
1086 909 1163 987 quin
1179 929 1270 986 mox,

221 1013 295 1091 quia
315 1030 372 1089 per
393 1025 467 1072 eum
493 1004 745 1071 omniu-fiebant
770 1028 853 1087 quac
874 1006 914 1085 aqi
937 1008 1077 1077 instituti
1099 1002 1277 1089 manerii·-

221 1117 349 1189 ne'rent‚
376 1107 522 1191 omuibur
536 1117 632 1173 notun
648 1106 744 1173 fieret
760 1110 863 1190 quiin
882 1106 975 1171 ltalia
993 1107 1053 1181 har
1073 1130 1127 1177 rea
1149 1122 1278 1187 curaot‚-·

221 1232 354 1293 quorum
371 1210 453 1273 haud
471 1200 590 1289 paruus
608 1230 757 1273 uumerus
775 1216 834 1273 ert.
879 1206 943 1283 Qui
962 1232 1032 1273 anm
1049 1212 1157 1287 rtatim
1173 1209 1273 1279 intel·

220 1312 373 1397 linerent,
400 1331 471 1375 cum
492 1313 562 1375 viro
580 1311 643 1375 ribi
657 1332 727 1374 rem
748 1331 835 1389 erre,
862 1313 915 1390 qui
938 1332 1008 1375 cum
1030 1333 1109 1377 vero
1129 1313 1271 1377 sincero·

221 1435 282 1500 qne
308 1412 414 1477 studio
442 1412 748 1493 purem'rioctrinam
770 1413 992 1497 egregiumque
1014 1416 1176 1499 ingenium
1197 1430 1273 1487 cnu-

219 1517 381 1599 iungeret,
403 1512 483 1577 nihil
500 1516 658 1594 antiquina
677 1513 852 1592 habebant,
872 1535 969 1593 quam
984 1523 1020 1583 ut
1034 1536 1109 1583 ,oum
1125 1536 1166 1585 eo
1184 1537 1277 1595 uom-¹

219 1618 416 1680 nruniccreut
442 1636 645 1697 quaecunque
667 1618 848 1679 communia
867 1616 974 1681 studia
999 1618 1112 1683 iuvare·
1129 1628 1271 1698 coenent.

220 1716 332 1798 [teque
354 1716 441 1781 haud
456 1718 652 1797 mirandam,
677 1719 706 1779 ri
722 1724 937 1799 port-tempus
959 1714 1042 1782 haud
1059 1720 1105 1783 ita
1121 1738 1272 1803 magnum

221 1820 392 1884 amicitiam
414 1820 555 1918 omnium
577 1820 649 1883 fere
671 1821 809 1881 virorum
837 1821 888 1899 qui
913 1821 978 1883 iam
1007 1821 1041 1884 io
1067 1818 1164 1892 ltniia
1190 1823 1272 1885 auti-

220 1924 349 2001 nuar‘iae
371 1922 535 1985 doctrinm
556 1919 649 1983 laude
666 1918 782 1983 florent
798 1927 912 1985 nactur
933 1936 998 1999 ert,
1023 1929 1061 1985 nt
1085 1942 1126 1986 ex
1147 1922 1266 2003 epieto·

219 2019 265 2085 lir
277 2023 493 2101 potissimum,
520 2041 598 2101 quar
614 2043 711 2102 penca
727 2044 780 2087 me
797 2043 906 2100 nervo,
916 2080 921 2089 .
932 2022 1044 2103 didici,
1071 2044 1265 2104 quorumque

220 2120 351 2207 longum
376 2143 540 2187 recenan-
564 2124 683 2187 adiere
704 2145 844 2203 porrum.
888 2122 981 2189 Unua
1003 2128 1270 2195 eutemomniunr

221 2224 267 2287 ita
292 2225 333 2287 de
360 2244 400 2287 eo
425 2225 557 2289 meritae
578 2232 642 2305 cet,
668 2232 705 2289 ut
725 2226 871 2306 quicquid
891 2234 1068 2305 pracataret
1089 2228 1123 2291 iu
1149 2228 1274 2311 epigra-

220 2324 311 2407 phice
338 2328 368 2389 ei
388 2326 585 2406 potissimum
605 2348 641 2390 ae
662 2326 782 2391 debere
798 2328 988 2415 „gratissimo
1014 2329 1120 2405 animo
1148 2349 1273 2409 semper

220 2425 440 2507 profiteretur,
476 2448 612 2507 quocruu
636 2450 852 2511 quaecuuque
888 2432 955 2512 egit
989 2450 1123 2493 summa.
1142 2431 1274 2493 minima

221 2530 481 2608 communicavit,
500 2530 590 2593 cuiue
614 2530 748 2595 coneilio
770 2538 804 2595 et
819 2530 964 2593 doctriua
980 2537 1124 2609 prompte
1148 2531 1182 2593 in
1203 2551 1273 2593 onr-

222 2629 313 2694 uibur
334 2652 409 2699 usur
427 2637 494 2709 ert,
517 2628 838 2695 Bartholomaeus
856 2630 1099 2713 Borgheriur.
1141 2628 1206 2695 Hic
1223 2634 1275 2695 vir

222 2732 341 2807 maior,
362 2752 465 2811 nram
483 2734 537 2811 qui
555 2754 576 2795 a
591 2753 643 2796 me
659 2730 787 2796 laudari
802 2733 915 2813 poerit,
933 2752 953 2793 e
971 2729 1119 2795 Caieteni
1139 2730 1274 2797 Marinii

222 2830 386 2911 disciplina
401 2833 580 2915 ominetur,
592 2832 666 2907 nolo
683 2830 860 2897 litterarum
879 2852 989 2894 amore
1005 2830 1137 2911 ductor,
1153 2833 1187 2895 iu
1204 2842 1273 2904 rtu-

223 2933 283 2995 diir
321 2934 548 2997 numismatioia
585 2942 619 2999 et
653 2931 862 3017 epigraphicir
899 2928 971 3010 plue
1010 2952 1105 3011 quam
1142 2934 1274 3019 triginta

222 3052 322 3099 annea
343 3036 391 3099 ita
411 3044 556 3099 versatur
579 3042 645 3113 eat,
672 3042 816 3113 utnuem
833 3034 865 3095 ei
881 3053 1064 3111 comparare
1081 3036 1185 3115 poeria
1202 3056 1273 3116 per-

221 3156 338 3215 paucor
363 3135 518 3215 inuuere,
548 3156 641 3215 quem
672 3137 703 3197 ei
730 3144 904 3213 anteponor
932 3136 1093 3208 neminem
1115 3138 1273 3207 invenias.

221 3232 416 3320 Borgheaiua
440 3238 551 3323 igitur,
576 3236 619 3301 ad
639 3256 733 3315 quem
755 3234 872 3299 deferri
893 3234 994 3315 nolet,
1008 3239 1050 3309 ai
1072 3238 1199 3321 quii-iu
1220 3236 1273 3301 hir

222 3332 338 3405 iitterir
360 3346 602 3403 controverrunr
621 3346 672 3405 ert
688 3344 784 3415 etque
800 3336 1015 3418 desperatum,
1041 3346 1077 3405 ct
1092 3339 1182 3404 enim
1199 3360 1272 3402 aaa·

222 3441 323 3504 tantia
337 3438 411 3505 liter
428 3437 671 3517 conuincam
688 3439 850 3521 egregium
865 3441 988 3505 invenie
1005 3440 1169 3524 ingenium
1185 3440 1272 3503 vide·

222 3548 274 3604 rot
294 3549 328 3607 et
348 3542 506 3619 aturlium,¹
526 3558 591 3603 nou
608 3537 712 3603 aulum
728 3538 830 3605 multe
847 3562 918 3607 cum
936 3564 975 3605 eo
992 3539 1272 3609 liberalitercom·

222 3644 412 3721 municavit,
438 3658 532 3719 -qaaa
562 3640 595 3703 in
625 3640 750 3706 schedia
764 3644 935 3723 ,amrin
969 3650 1004 3711 et
1033 3642 1167 3707 comitio
1198 3662 1272 3706 eum

97 3734 100 3739 ’
223 3743 360 3821 adiuvit,
380 3746 490 3803 verum
506 3742 649 3820 penuirit
669 3744 716 3823 ei,
737 3751 791 3824 ut,
813 3744 934 3825 siquid
950 3743 1084 3823 habenet
1100 3742 1272 3808 obrcurunr

223 3843 262 3907 de
280 3862 340 3923 qao
361 3838 489 3903 edoceri
506 3850 649 3923 cuperet,
674 3846 715 3909 ad
735 3868 772 3909 ae
788 3844 943 3923 referret,
964 3865 1002 3910 aa
1026 3844 1102 3925 quid
1127 3843 1169 3908 ule
1192 3864 1271 3923 qua·

223 3964 283 4023 que
303 3964 341 4003 re
360 3942 495 4015 sentiret
519 3946 742 4025 raroriptururn
757 3968 841 4009 erre.
883 3944 1050 4013 Intellexit
1069 3942 1270 4025 Koliormao·

221 4062 298 4123 nur,
323 4038 404 4105 nihil
427 4042 553 4113 furetur
580 4049 709 4117 evenire
728 4068 828 4129 ‚poure
848 4048 971 4125 iuveni,
994 4066 1092 4127 ..quum
1117 4046 1146 4108 ai
1171 4042 1271 4115 tniem
