2722 4718
596 447 647 519 w

522 547 733 559 m

440 704 445 710 ·
514 672 729 778 uls3otarttss

351 898 354 903 .
431 757 819 903 LOCVSAAAISIAANATVS

387 925 616 989 ΜΟΝΙΜΕΝΤΟ
637 926 678 985 ΙΝ
697 925 773 998 Qvo
793 924 863 985 EST

334 1036 337 1041 ’
469 1010 638 1073 AEDlCLA
657 1010 783 1071 PlllAPl

370 1097 411 1157 lN
429 1095 744 1161 FRPLXXINAG
762 1095 882 1157 P.LXX
928 1136 931 1141 -
1048 1154 1052 1161 .

187 1182 284 1243 Nolirr
303 1193 396 1247 tamen
424 1202 487 1243 cum
505 1182 633 1245 Maffeio.
648 1183 694 1243 hir
722 1184 810 1241 risum
836 1201 899 1242 cum
923 1181 1048 1252 lacrimis
1070 1203 1149 1243 oom-
1183 1239 1188 1245 .
1295 1234 1302 1247 ,

102 1269 217 1327 mixtum
236 1279 352 1346 putare,
371 1287 467 1329 verum
486 1287 547 1341 res,
566 1266 692 1347 quamvis
711 1267 878 1327 difficillima
894 1278 1034 1339 tractatu,
1053 1270 1148 1347 paullo

103 1353 187 1411 altius
207 1351 401 1414 videturesse
419 1351 588 1433 repetenda.
637 1352 809 1431 Quamquam
827 1351 863 1410 rle
882 1352 937 1411 hoc
955 1343 1027 1424 usu}
1044 1374 1100 1432 quo
1118 1357 1148 1413 in

104 1439 243 1516 sepulcris
261 1438 358 1516 Priapi
375 1449 468 1501 statua
486 1438 533 1497 vel
550 1435 681 1497 aedicula
701 1434 910 1512 collocabatur,
930 1456 967 1497 ex
984 1437 1148 1516 inscriptio·

103 1523 184 1581 nibus
202 1535 253 1583 aut
269 1534 398 1584 veterum
416 1524 588 1602 scriptorum
607 1523 680 1582 locis
695 1522 764 1580 nihil
778 1532 931 1601 praeterea
946 1521 1053 1593 habeo,
1073 1523 1148 1601 quod

103 1607 235 1678 alierum,
253 1609 323 1668 artis
333 1610 468 1686 antiquae
478 1619 573 1668 tamen
584 1605 721 1685 quaedam
736 1617 917 1667 monumenta
931 1608 986 1667 huc
1001 1610 1163 1684 pertinere-

102 1691 246 1751 videntur.
290 1693 322 1751 Iu
340 1694 376 1753 iis
394 1694 469 1752 euim
488 1711 578 1770 prope
598 1693 755 1753 columnam
774 1691 900 1751 lonicam
918 1690 1049 1769 Priapum
1068 1691 1149 1753 vitle-

103 1796 164 1834 muu
184 1777 372 1849 collocatum3
392 1778 448 1835 iam
466 1795 536 1835 vero
556 1777 623 1854 quin
640 1777 713 1835 haec
732 1777 760 1832 in
780 1779 968 1835 monumentis
986 1777 1148 1855 sepulcrum

102 1861 267 1938 significare
294 1861 401 1932 soleat,
428 1879 512 1920 neum
539 1869 636 1938 potest
662 1856 807 1930 dubitare,
835 1861 883 1938 qui
908 1861 937 1919 iu
964 1861 1000 1919 iis
1026 1861 1149 1940 paullum

102 1956 234 2005 versatus
252 1955 312 2017 est,
330 1957 362 2006 et
379 1956 549 2007 monuerunt
566 1965 601 2004 ea
621 1942 656 2005 de
673 1964 704 2005 re
715 1943 906 2022 Stacluelberg
922 1941 1149 2025 (Apollotompal

102 2051 128 2089 z.
149 2030 256 2091 Bassus
274 2051 301 2109 p.
320 2035 362 2095 to
379 2033 439 2105 sc),
458 2028 529 2090 Rad.
550 2030 707 2091 llochattus
724 2029 817 2109 (Mon.
836 2028 917 2089 laed.
935 2051 962 2109 p.
975 2036 1047 2093 141.
1062 2031 1148 2110 304),

104 2116 210 2194 aliique
229 2114 304 2176 haud
321 2117 415 2194 pauai.
449 2115 555 2177 Verum
575 2114 650 2175 haud
667 2114 704 2175 ab
727 2133 760 2176 re
783 2115 853 2186 erit,
877 2115 951 2175 haec
968 2127 1149 2177 monumenta

103 2203 265 2260 accuratius
284 2219 458 2263 recensere.
502 2201 534 2259 ln
557 2201 668 2277 pictura
691 2201 800 2260 vasculi
827 2199 902 2278 apud
926 2200 958 2259 ll.
978 2200 1148 2262 Rochettnru

105 2285 195 2357 (Meu.
223 2284 266 2344 lu.
295 2285 353 2343 tab.
380 2289 434 2357 28)
455 2285 658 2363 ¹conspicimus
683 2286 773 2343 virum
800 2284 948 2345 barbatum
974 2286 1148 2363 amplissimo

103 2371 209 2428 vestitu
228 2379 357 2429 ornatum
380 2387 470 2447 prope
490 2368 649 2427 columnam
667 2366 759 2427 lonici
783 2364 907 2439 ordinis,
936 2369 982 2427 cui
1001 2360 1079 2429 orbis
1097 2369 1149 2429 iur'·

103 2456 212 2533 positns
234 2465 291 2526 est,
319 2455 347 2515 in
375 2472 469 2532 genua
491 2452 652 2532 prolapsum
676 2451 804 2513 dextram
829 2472 892 2510 cum
915 2452 1040 2514 clamore
1064 2457 1149 2515 anxie

103 2537 139 2597 ad
154 2539 266 2599 coelum
280 2537 455 2602 tondentem.
500 2538 589 2596 instat
600 2538 675 2596 euim
685 2538 713 2596 ei
730 2537 841 2596 iuvenis
855 2536 959 2608 nudus,
977 2540 1024 2615 qui
1034 2540 1150 2599 sinistra

102 2625 204 2684 fauces
223 2627 286 2683 eius
304 2625 420 2701 fortiter
439 2621 578 2682 collidens
595 2620 727 2702 pedeque
751 2641 816 2680 crus
839 2640 970 2699 premens
992 2624 1046 2681 iam
1066 2623 1094 2680 in
1113 2643 1150 2681 eo

103 2719 165 2780 est,
186 2719 217 2767 ut
234 2708 343 2781 cultro,
363 2727 446 2787 queur
464 2707 567 2767 «lextra
583 2707 723 2766 sublatum
741 2716 835 2778 tenet,
855 2726 919 2767 eum
932 2707 1051 2784 iugulat.
1075 2706 1149 2768 Hinc

104 2793 182 2852 illinc
203 2794 316 2871 lugiunt
342 2794 435 2865 servi,
451 2793 512 2863 „iric
540 2813 603 2852 cum
630 2793 737 2864 cultro,
766 2790 905 2871 tripodem
931 2793 1006 2853 alter
1031 2804 1149 2870 portans

104 2889 217 2938 terrore
236 2879 377 2957 correpti,
397 2889 428 2937 et
443 2897 530 2958 supra
548 2897 599 2937 uos
616 2877 652 2937 ab
671 2877 763 2935 altera
782 2887 863 2955 parte
881 2877 926 2935 vir
942 2876 1094 2950 barbatus,
1112 2876 1149 2937 aa

104 2963 196 3023 altera
214 2965 316 3024 mulier
338 2963 438 3023 nescio
465 2960 542 3040 quod
568 2961 699 3030 haculum
720 2962 823 3037 ingens
845 2972 962 3038 gestans
985 2961 1148 3039 diffugiunt.

104 3046 186 3107 Haud
204 3048 304 3127 procul
323 3067 339 3108 e
358 3045 499 3128 lapidibus
515 3046 694 3106 coacervatis
708 3047 813 3106 eminet
823 3045 918 3124 Priapi
932 3045 1041 3105 herma.
1061 3047 1155 3107 Huius·

103 3133 233 3211 picturae
252 3133 380 3193 diversas
403 3132 613 3211 explicationes
634 3131 814 3209 protulerunt
837 3132 899 3190 VV.
918 3129 980 3189 DI).
1025 3131 1063 3190 Et
1081 3130 1149 3192 Rari.

104 3215 218 3296 quidem
237 3216 394 3276 lloclrettus
413 3216 532 3277 caedem
545 3215 768 3294 Agamemnonis
785 3216 821 3276 ab
839 3215 981 3294 Aegistho
999 3228 1150 3295 perpetra·

104 3312 160 3360 tam
179 3301 227 3359 hic
245 3303 456 3379 repraesentari
474 3303 584 3379 putavit
600 3301 635 3382 (l.
652 3301 671 3360 l.
689 3322 718 3380 p.
740 3306 800 3363 188
818 3301 905 3378 sqq),
922 3301 1049 3361 hermam
1067 3321 1148 3373 vero,

105 3386 187 3445 Comi
205 3387 371 3464 imaginem,
389 3386 570 3461 significare,¹
587 3386 663 3445 inter
677 3385 779 3464 pocula
794 3383 963 3444 trucidatum
974 3404 1039 3445 csse
1049 3405 1149 3462 regem

104 3470 295 3547 Argivorumq
320 3469 636 3546 (litterararum.
658 3467 686 3551 §-
704 3475 777 3541 402,
796 3467 831 3547 3)
860 3467 1040 3529 Athamantis
1060 3470 1150 3530 fatale

105 3555 278 3615 sacrificium
306 3556 362 3629 (cl.
389 3553 524 3621 Orchom.
551 3574 581 3633 p.
608 3559 665 3619 161
685 3558 765 3634 sqq.)
792 3555 946 3632 agnovisse
973 3572 1023 3625 se,
1051 3555 1150 3630 paucis

106 3640 288 3717 significavit.
324 3638 452 3718 Utraque
471 3640 677 3718 interpretatio,
689 3642 747 3698 suis
766 3640 905 3717 premitur
922 3636 1148 3711 difficultatibus,

105 3726 220 3784 etmihi
243 3723 356 3803 quidem
380 3724 466 3783 tortia
488 3742 557 3782 vera
578 3742 644 3783 esse
667 3721 793 3796 videtur,
821 3744 902 3804 quam
930 3723 1077 3802 proposuit
1093 3724 1148 3785 Tu.

105 3808 231 3871 Panofka
251 3807 487 3889 (Hypermilom.
502 3805 583 3867 sunu.
601 3827 629 3886 p.
639 3812 701 3872 299
711 3807 801 3888 sqq).
833 3809 887 3868 llic
906 3809 980 3867 euim
998 3808 1150 3869 Herculem

105 3896 236 3972 agnovit,
255 3896 303 3976 qui
318 3914 381 3953 cum
395 3913 417 3965 a,
426 3891 558 3955 Busiride
575 3892 612 3951 ad
626 3893 797 3953 sacrificium
815 3905 912 3973 raptus
931 3903 1017 3963 esset,
1036 3894 1150 3955 uincula

106 3981 195 4059 rupit,
214 3991 244 4038 et
260 3999 360 4060 regem
373 3978 584 4059 Aegyptiorum
603 3977 696 4037 cultro
714 3988 831 4056 arrepto
848 3977 1029 4038 sacrificavit.
1040 3977 1150 4040 :Vita-

106 4082 167 4123 mus
193 4065 249 4124 iam
274 4064 403 4144 trepidos
429 4065 565 4125 sacrificii
592 4063 738 4123 ministros
769 4082 831 4121 cum
858 4063 929 4141 ipsis
955 4063 1149 4131 instrumentis
1234 4135 1237 4140 ³

107 4147 251 4226 effugere,
270 4148 318 4211 nti
335 4169 389 4230 pro
408 4150 524 4213 virumn
540 4149 631 4229 iprum
646 4166 749 4229 regem
762 4145 913 4211 cadentem
924 4149 1077 4232 aspiciunt,
1090 4166 1149 4209 nec
