2722 4718
643 424 704 480 vu

566 513 779 525 -uu—

158 639 241 701 intcr
263 659 319 702 eos
336 639 422 702 viros
438 644 583 718 pararet,
607 640 659 717 qui
677 630 717 700 de
735 636 936 720 epigraphica
953 659 1043 717 quam
1061 639 1201 702 maxime

158 742 264 802 meriti
282 749 399 818 essent,
418 748 566 819 quantam
585 761 691 802 curam
706 740 803 801 etiarn
816 741 849 801 in
863 741 999 801 minimis
1013 738 1201 817 adbibuerit,

157 844 270 920 partim
289 844 362 921 quia
379 843 458 905 haec
479 842 651 920 disputatio
674 863 729 920 per
750 862 785 904 se
803 841 953 918 perfecta,
972 861 1073 918 neque
1091 862 1200 904 neces·

157 945 242 1005 sario
261 943 398 1022 quodam
414 939 540 1004 vinculo
558 963 627 1004 cum
651 944 764 1004 ceteris
788 943 966 1019 coniuncte,
986 941 1202 1021 omnibusiqui
1266 974 1269 979 ·

159 1043 242 1107 banc
267 1065 334 1106 rem
356 1045 534 1106 intricatam
556 1051 589 1108 et
609 1065 711 1123 paene
738 1043 914 1125 neglectam
940 1044 1107 1106 tractaturi
1129 1049 1202 1106 aaut

158 1146 324 1207 materiam
359 1143 542 1224 ampliorem
577 1154 610 1207 et
643 1145 837 1207 commodius
872 1144 1025 1227 digestam
1058 1143 1217 1224 praebet,

158 1268 253 1325 quam
270 1268 400 1325 usquam
417 1249 552 1310 inveniri
570 1253 685 1325 potest.
712 1245 749 1309 lu
766 1245 826 1308 bac
843 1267 919 1308 sero
937 1249 1202 1309 commentatione

159 1347 298 1425 edenda,
325 1369 417 1427 quam
445 1357 478 1412 et
502 1350 603 1427 ipsam
629 1347 745 1410 Latine
770 1349 867 1425 verti,
898 1345 1003 1426 paullo
1029 1346 1098 1426 plus
1124 1346 1202 1410 mibi

158 1451 238 1511 iuris
268 1452 376 1512 suntsi.
420 1448 493 1512 Non
525 1452 617 1533 qnasi
647 1449 815 1528 quidquam
844 1456 1014 1511 mutassem
1047 1456 1080 1511 et
1108 1447 1203 1512 aliter
1314 1452 1318 1458 ’

157 1553 348 1630 posuissem,
376 1559 470 1630 atque
488 1573 507 1613 a
524 1549 750 1614 Kellermanno
767 1551 943 1630 proiectum
960 1551 1034 1627 fuit,
1057 1551 1113 1612 sed
1131 1571 1203 1613 cum
1300 1631 1308 1644 ἢ

159 1640 300 1714 viderem
332 1675 404 1714 eum
435 1654 467 1713 in
499 1653 634 1715 indicem
660 1673 750 1714 suum
781 1674 845 1714 non
876 1650 1020 1731 retulisse
1048 1674 1087 1714 ea
1121 1671 1203 1729 quae

160 1749 319 1814 llllarinius
350 1754 393 1814 in.
412 1752 493 1813 libro
525 1753 565 1813 de
591 1752 846 1829 inscriptionibus
878 1751 1011 1814 Albanis
1041 1751 1201 1829 attulerat,

158 1873 242 1932 quae
261 1858 365 1914 tamen
385 1852 467 1913 haud
487 1854 617 1914 minoris
635 1852 710 1914 fidei
730 1864 761 1914 et
780 1854 975 1914 auctoritatis
993 1858 1081 1929 sunt,
1108 1873 1203 1930 quam

158 1975 197 2016 ea
219 1975 300 2032 quae
322 1956 354 2016 in
372 1952 454 2015 libro
473 1954 513 2015 de
531 1956 609 2016 actis
623 1954 754 2016 fratrum
768 1951 929 2016 Arvalium
944 1961 1094 2035 congesta
1111 1975 1203 2032 repe·
1288 1990 1290 1994 ·

158 2056 295 2133 munim,
318 2064 351 2118 et
367 2053 585 2134 exemplorum
604 2076 766 2117 numerum
784 2061 817 2117 et
832 2057 1019 2117 varietatem
1036 2056 1202 2138 insigniter

158 2165 290 2240 augent,
317 2156 397 2219 haec
418 2160 487 2235 ipsa
513 2159 665 2219 asterisco
692 2165 797 2219 tamen
820 2162 931 2219 notata
951 2156 1048 2218 indici
1072 2159 1200 2223 inserui.

157 2256 330 2320 Praeterea
347 2259 544 2321 commodum
561 2259 668 2320 facere
685 2259 809 2336 putari,
827 2260 854 2320 si
873 2256 1075 2321 corollarium
1092 2260 1202 2321 inscri-

157 2361 298 2437 ptionum
317 2360 496 2435 adimerem,
511 2380 590 2437 quae
603 2359 743 2438 apicibus
758 2361 928 2442 insignitae
946 2366 1032 2437 sunt,
1051 2380 1095 2422 ex
1111 2357 1200 2424 libris

159 2460 346 2538 quibusdam
374 2463 406 2523 in
426 2460 519 2522 bisce
546 2462 638 2522 terris
664 2459 836 2522 rarioribus
857 2462 1041 2538 petitamm,
1069 2460 1200 2539 quorum

159 2561 299 2622 editores
330 2559 439 2622 titulos
472 2568 618 2622 accurate
654 2567 686 2621 et
717 2557 885 2640 diligenter
919 2562 1121 2638 exscripsisse
1156 2565 1202 2624 vi·

157 2663 285 2724 dentur.
328 2657 450 2734 Quodsi
481 2662 512 2722 in
543 2660 593 2724 his
629 2662 736 2738 omisi,
775 2682 855 2738 quae
882 2657 937 2724 alii
963 2661 1199 2742 desiderabunt,

157 2784 220 2825 non
239 2783 336 2845 nego,
364 2761 516 2840 quaedam
533 2762 737 2825 mafortasse
754 2762 889 2844 fugisse,
916 2761 981 2824 alia
998 2770 1103 2825 tamen
1121 2764 1199 2828 dare
1256 2808 1269 2824 .

157 2886 209 2927 nse
225 2885 290 2927 non
307 2866 456 2942 potuisse,
471 2886 543 2926 cum
560 2863 648 2927 libris
668 2863 873 2946 epigraphicis
888 2885 1013 2926 caream
1026 2864 1200 2944 permultis,

158 2963 252 3028 facile
273 2966 394 3028 credes.
437 2963 581 3044 Denique
604 2965 686 3044 quod
709 2965 930 3028 adnotationes
948 2965 1064 3042 adieci,
1082 2968 1115 3028 in
1134 2969 1200 3045 qui-

158 3067 217 3129 bas
236 3059 396 3145 ¹quaedam
414 3067 466 3128 xad
488 3069 707 3146 inscriptiones
730 3069 814 3145 ipsas
840 3069 1016 3146 spectantia
1041 3064 1200 3130 illustrare

157 3176 289 3230 conatus
307 3189 386 3244 sum,
404 3169 509 3229 idme
527 3190 591 3231 non
610 3191 648 3231 eo
667 3171 771 3231 animo
790 3170 915 3245 iecisse,
934 3170 1023 3247 quasi
1041 3167 1201 3232 aKeller·

158 3286 274 3332 manno
296 3268 442 3353 neglecta
464 3279 497 3331 et
516 3273 739 3348 praetermissa
761 3270 938 3333 adiiciendo
961 3268 1128 3352 gloriolam
1147 3292 1199 3331 ca-

160 3376 250 3448 ptare
267 3368 437 3449 voluerim,
465 3380 595 3434 nonest
621 3371 715 3434 credo
738 3371 821 3450 quod
843 3390 999 3435 moneam.
1042 3369 1107 3432 Sed
1130 3391 1201 3433 cum

158 3470 235 3533 mibi
261 3470 312 3534 hic
337 3469 406 3551 plus
432 3470 471 3533 ad
491 3472 727 3550 exspatiandum
748 3472 812 3534 loci
835 3492 1021 3533 concessum
1046 3471 1199 3552 viderem,

157 3592 250 3652 quam
276 3571 386 3635 babuit
414 3569 485 3649 ille,
517 3574 569 3650 qui
595 3593 761 3636 excursum
788 3573 1021 3636 commentariis
1046 3576 1199 3657 insertum

157 3672 405 3756 digressionibus
427 3674 517 3735 novis
540 3673 643 3750 noluit
664 3695 813 3752 onerare,
840 3674 893 3737 ubi
915 3674 1069 3752 quaedam
1089 3670 1197 3753 habui,
1316 3748 1323 3762 ἱ

156 3795 237 3855 quae
260 3795 447 3853 quamquam
467 3795 527 3836 nec
548 3794 631 3837 nova
653 3796 712 3837 nec
734 3777 862 3858 egregia
879 3773 996 3837 utiliter
1013 3782 1120 3837 tamen
1142 3776 1200 3841 ad·

155 3882 357 3953 notarentur,
384 3897 424 3938 ea
444 3875 625 3939 adscribere
652 3896 716 3939 non
737 3876 894 3954 dubitavi,
920 3877 1106 3955 pracsertim
1128 3898 1199 3941 cum

156 3977 188 4037 in
206 3976 297 4039 libris
319 3976 526 4059 epigraphicis
549 3999 642 4056 quam
664 3979 799 4040 maxime
816 3979 855 4041 iis
881 4000 962 4058 quae
982 4000 1039 4059 per
1056 4001 1091 4043 sc
1108 3978 1200 4043 utilia

156 4084 231 4141 sunt
247 4081 343 4143 etiam
365 4078 468 4143 locum
489 4078 629 4145 alienum
651 4100 715 4143 non
736 4079 870 4145 invideri
886 4081 1021 4146 videam.
1050 4078 1197 4146 Ceterum
