2722 4718
653 432 698 486 Vl

573 516 785 526 ..---—----·

160 638 292 704 arduum
314 637 412 702 alacri
434 641 540 703 animo
563 637 808 724 aggrediendum
829 634 990 717 intellexi,
1018 637 1052 700 in
1070 658 1204 719 eamque

159 763 228 805 rem
245 741 379 805 studium
398 749 431 804 et
448 743 530 805 vires
549 762 659 804 omnes
676 741 883 804 intendendae
902 761 982 818 esse,
1001 748 1037 803 ut
1054 748 1206 818 quantum

160 845 194 906 in
211 864 262 906 me
281 849 366 906 esset
382 842 440 905 tali
458 841 574 905 fiducia
592 840 742 906 atalibus
759 844 835 904 viris
852 844 884 904 in
898 863 949 905 me
961 843 1064 922 posita
1079 842 1206 926 dignum

130 958 134 963 ’
160 965 210 1007 me
227 953 433 1023 praestarem.

246 1047 409 1126 Speoimen
428 1046 524 1128 igitur
541 1043 713 1107 studiorum
729 1065 749 1106 a
760 1064 812 1106 me
824 1045 856 1106 in
871 1043 1072 1127 epigrapbice
1084 1064 1205 1123 ponen-

159 1148 270 1211 dorum
291 1150 395 1226 potius
418 1168 510 1227 quam
528 1149 701 1225 positorum
719 1145 875 1211 edendum
890 1146 970 1209 mibi
985 1167 1055 1209 esse
1073 1146 1152 1224 vidi,
1170 1148 1203 1208 in

161 1267 221 1328 quo
258 1249 319 1312 duo
350 1268 426 1328 prae
457 1247 571 1309 ceteris
601 1248 774 1325 spectanda
802 1267 875 1309 esse
902 1248 1021 1327 putavi.
1064 1245 1203 1310 Primum

162 1353 247 1413 enim
256 1347 473 1412 Kellermanni
487 1349 657 1412 memoriae
671 1348 854 1411 satisfacere
869 1343 1036 1426 debebam,
1046 1357 1078 1411 et
1093 1370 1205 1411 exem·

161 1449 223 1532 plis
246 1453 477 1527 demonstrare,
503 1449 576 1528 quid
594 1449 635 1510 ab
653 1447 710 1510 illo
728 1451 969 1528 exspectandum
986 1451 1119 1528 fuisset,
1143 1451 1203 1512 nisi

73 1535 76 1540 ¹
159 1546 341 1616 tristissimo
367 1550 488 1632 fatain
510 1553 578 1629 ipso
601 1553 774 1613 iuventutis
802 1553 911 1635 vigore
933 1553 973 1614 iis
995 1551 1107 1613 studiis
1135 1572 1204 1614 ere·

158 1661 231 1735 ptus
248 1654 374 1731 fuisset,
402 1673 481 1731 quae
502 1659 593 1714 tanto
611 1672 718 1715 amore
736 1652 777 1716 ab
797 1673 836 1714 eo
853 1651 1049 1716 colebantur.
1093 1649 1202 1717 Primo

158 1757 256 1839 igitur
277 1754 349 1822 loco
371 1755 463 1835 posui
484 1753 737 1817 dissertationem
759 1754 802 1816 de
820 1753 1031 1819 calendarii
1049 1751 1204 1817 Cumani

157 1857 390 1940 fragmento,
419 1875 514 1934 'quam
539 1856 711 1933 perfectam
736 1853 881 1933 reliquit,
910 1857 954 1918 in·
971 1877 1070 1934 eaque
1096 1855 1203 1919 nullae

126 1946 129 1953 ⁴
157 1979 251 2021 meae
271 1964 377 2035 partes
395 1964 484 2034 sunt,
504 1958 565 2020 nisi
582 1957 665 2036 quod
683 1954 793 2019 ltalice
810 1958 959 2036 scriptam
977 1955 1092 2020 Latine
1108 1959 1203 2036 verti,

158 2059 243 2139 quod
268 2058 361 2122 huius
386 2054 461 2122 libri
482 2059 599 2120 rationi
626 2057 860 2121 accomodatius
887 2056 1066 2131 videbatur;
1102 2058 1204 2126 adieci

158 2163 255 2224 etiam
275 2161 371 2240 ipsius
391 2161 605 2240 inscriptionis
627 2158 808 2238 exemplum
834 2157 944 2222 tabula
971 2149 1205 2242 lithograpbica

157 2281 357 2341 expressum,
371 2281 411 2324 ne
425 2262 499 2341 quid
514 2260 642 2325 deesset
655 2263 695 2326 ad
706 2269 942 2328 monumentum
955 2259 1040 2325 haud
1053 2262 1203 2324 minimae

157 2365 357 2428 auctoritatis
374 2362 625 2446 intelligendum.
661 2360 809 2426 Invenies
827 2371 933 2426 autem
949 2365 981 2425 in
1001 2363 1061 2425 bac
1080 2383 1204 2443 quoque

156 2465 379 2530 dissertatione
397 2464 531 2529 solidam
548 2462 768 2530 Kellermanui
786 2464 972 2540 doctrinam,
986 2465 1039 2542 qui
1058 2464 1204 2544 quicquid

48 2638 51 2644 ,
155 2571 307 2633 tractavit
337 2576 484 2631 accurate
512 2573 545 2628 et
571 2568 794 2643 circumspecte
822 2567 902 2649 egit,
932 2584 1084 2644 nusquam
1111 2567 1202 2629 vanis

156 2669 346 2732 coniecturis
364 2664 504 2744 indulsit,
521 2667 555 2729 in
574 2666 682 2726 omnia
699 2665 766 2741 ipse
783 2664 893 2727 sedulo
911 2667 1089 2746 inquisivit,
1100 2687 1204 2746 neque

157 2769 322 2848 quicquam
338 2767 460 2845 posuit,
487 2767 549 2828 nisi
566 2766 672 2826 omnia
699 2785 778 2842 quae
800 2767 832 2829 in
850 2787 978 2831 causam
1000 2769 1107 2830 venire
1128 2789 1203 2846 pos·

127 2863 131 2874 '
155 2876 227 2932 sent
248 2867 480 2931 considerasset
501 2874 595 2946 atque
616 2867 818 2945 pensitasset.
866 2863 975 2940 Quare
998 2890 1069 2935 cum
1090 2889 1202 2931 esem·

155 2968 241 3050 plum
259 2969 415 3050 quoddam
432 2968 597 3031 doctrinae
614 2965 913 3032 Kellermannianae
931 2972 1064 3049 proponi
1081 2979 1201 3049 posset,

156 3070 235 3135 nibil
263 3072 301 3133 de
327 3090 399 3133 meo
428 3070 545 3135 addere
570 3068 673 3148 volui,
700 3076 733 3132 et
760 3071 929 3150 quaedam,
957 3091 1038 3149 quae
1064 3073 1204 3135 adiicere

154 3171 259 3248 volui,
276 3181 313 3235 ut
335 3171 373 3233 de
390 3174 612 3235 coniunctione
631 3171 710 3234 deae
728 3169 850 3237 Romae
869 3192 938 3235 cum
956 3171 1098 3254 Augusto
1117 3170 1202 3234 aliis·

156 3295 216 3354 que
246 3272 505 3352 imperatoribus,
532 3274 623 3337 omisi
645 3281 796 3351 tanquam
821 3272 905 3336 baud
931 3275 1126 3349 necessaria,
1159 3294 1200 3335 ne

156 3375 355 3438 occasionem
393 3376 563 3454 arripuisse
596 3375 794 3453 importunus
828 3375 954 3440 viderer
983 3372 1096 3436 alienis
1130 3394 1203 3437 mea

154 3477 334 3559 ingerendi,
368 3483 536 3540 eteorum
567 3480 690 3540 tantum
711 3477 858 3539 notitiam
884 3476 993 3539 addidi
1022 3496 1104 3554 quae
1131 3484 1203 3554 post

153 3574 373 3641 Kellermauui
386 3584 522 3645 mortem
534 3577 651 3655 scripta
668 3576 707 3638 ad
725 3597 792 3639 rem
810 3584 917 3640 tamen
934 3579 1093 3656 pertinere
1110 3577 1202 3639 vide·

154 3686 275 3743 rentur.
300 3676 473 3742 Praeterea
491 3700 510 3740 e
529 3679 763 3741 commentariis
781 3678 820 3740 ad
837 3674 1203 3757 inscriptionesllalma·

153 3781 245 3856 tices,
264 3780 303 3842 de
321 3778 433 3861 quibus
449 3779 534 3843 infra
551 3780 684 3856 dicetur,
702 3778 802 3862 selegi
820 3800 890 3841 eam
907 3786 1041 3857 partem,
1062 3798 1142 3857 quae
1159 3779 1200 3845 de

154 3881 373 3944 accentibus
391 3901 457 3944 seu
474 3880 644 3959 apicibus
663 3884 698 3944 in
716 3879 1030 3960 inscriptionibus
1047 3878 1200 3942 Latinis

153 3983 234 4064 agit,
260 3982 373 4059 partim
398 3989 434 4046 ut
453 3979 614 4046 luculento
637 3980 785 4062 exemplo
809 3981 972 4058 docerem,
1005 3988 1198 4058 quantopere

154 4083 312 4150 omnent
335 4079 598 4163 Kellermaunus,
625 4093 660 4149 ut
684 4083 746 4148 boc
771 4105 867 4164 opere
892 4103 982 4149 suum
1007 4080 1069 4145 sibi
1094 4079 1200 4147 locum
