2722 4718
656 429 699 475 lX

575 513 701 521 —..--.......
708 511 785 520 «Μ

156 633 307 700 intellexi.
327 633 483 709 Dolebam
499 640 615 713 antem,
625 636 708 714 quod
718 633 800 697 libro
812 633 1044 712 destitutuslui‚
1060 635 1112 713 qui
1126 631 1204 705 milri
1303 660 1307 667 ·

157 748 189 800 et
207 737 378 801 lectoribus
395 757 542 818 magnam
556 735 722 799 utilitatem
740 736 954 814 praebuissem
978 735 1203 798 columbarium

157 838 213 900 ille
224 839 347 918 quidem
358 837 475 901 tabulis
486 834 651 920 magnifice
661 836 871 900 illustraturus
881 843 1017 915 est,cum
1028 857 1087 919 ego
1096 840 1204 916 paucis

156 939 223 1003 illis
242 961 323 1018 quae
344 942 376 1001 in
401 938 508 1000 diariis
530 938 914 1021 institutiarchaeologici
933 944 966 1000 et
987 937 1028 1000 ad
1049 959 1100 1001 me
1121 936 1205 1000 litte·

156 1045 201 1103 ris
221 1043 400 1120 perscripsit
413 1029 574 1102 ¹Branuius
593 1049 757 1102 contentus
777 1060 846 1102 csse
864 1040 1010 1112 debeam,
1031 1047 1064 1102 et
1082 1047 1202 1118 praete·

158 1164 215 1209 rea
237 1144 306 1204 siue
329 1142 423 1205 dubio
447 1141 546 1204 multu
569 1140 624 1203 ille
647 1144 784 1218 monuit,
812 1141 923 1220 quibus
942 1145 1082 1223 ego'non
1101 1143 1204 1204 minus

161 1264 256 1325 aegre
274 1244 431 1320 carebam,
450 1264 542 1321 quam
562 1242 672 1323 lector.
691 1240 802 1321 Neque
817 1251 922 1305 tamen
937 1236 1123 1307 omnino'ab
1139 1242 1205 1302 edi·
1319 1318 1323 1331 Ι

160 1347 246 1406 tione
265 1343 375 1406 harum
393 1347 630 1423 inscriptionum
654 1344 806 1406 deterreri
825 1366 876 1407 me
895 1365 1005 1423 passus
1023 1363 1106 1420 sum,
1133 1363 1204 1405 cum

159 1467 343 1525 persuasum
363 1443 527 1523 haberem,
546 1445 742 1524 splendidum
760 1443 835 1507 illud
854 1456 932 1524 opus
952 1444 1000 1506 lris
1018 1445 1110 1506 terris
1128 1460 1206 1522 pan·

109 1597 113 1602 a
161 1568 269 1609 corum
295 1549 327 1608 in
354 1568 466 1608 manus
492 1557 658 1609 venturum
685 1567 770 1623 esse,
798 1553 833 1608 nt
859 1548 988 1608 omnino
1006 1547 1114 1623 iniquo
1137 1546 1204 1607 lato

163 1669 243 1727 quae
275 1648 356 1725 apud
383 1647 484 1709 ltalos
509 1649 645 1709 eduntur
672 1649 800 1728 egregia
827 1668 924 1727 opera
951 1649 1077 1709 immani
1104 1648 1205 1726 pretio

160 1769 225 1809 non
248 1749 310 1809 nisi
328 1749 489 1811 rarissime
510 1749 626 1824 acquiri
644 1747 726 1824 apud
744 1768 802 1809 nos
819 1756 958 1825 possunt.
1002 1746 1113 1824 ltaque
1132 1768 1206 1825 ope·

157 1870 213 1911 rae
231 1850 368 1926 pretium
386 1848 493 1910 facere
514 1848 653 1925 videbar,
673 1850 700 1909 si
718 1849 940 1927 inscriptiones
959 1845 1030 1910 illas
1045 1868 1115 1909 eum
1130 1850 1206 1911 viris

161 1951 263 2013 doctis
286 1952 558 2013 communicarem.
603 1947 733 2011 Contuli
755 1959 860 2013 antem
879 1949 991 2028 ubique
1010 1970 1079 2011 cum
1098 1951 1208 2011 inscri-

140 2052 329 2131 ptionibus,
347 2059 381 2114 ut
396 2074 413 2113 e
428 2050 607 2130 Campanae
621 2050 801 2134 apographo
817 2051 991 2130 descriptae
1006 2058 1107 2128 erant,
1120 2052 1205 2129 prius

160 2152 385 2234 apographum,
405 2155 484 2232 quod
497 2151 651 2215 Braunius
669 2155 709 2216 ad
728 2156 812 2231 ipsos
830 2151 941 2214 titulus
960 2153 1152 2229 confecerat,
1173 2160 1207 2214 et

160 2274 291 2315 omnem
315 2275 406 2332 quam
426 2257 533 2316 inveni
547 2256 787 2334 discrepantiam
808 2256 840 2316 in
859 2256 1066 2317 annotatione
1085 2256 1205 2332 notavi,

96 2376 101 2394 ¹
159 2354 213 2416 ubi
232 2354 485 2436 apographum
504 2358 588 2434 prius
607 2355 682 2417 illud
702 2354 874 2417 aBrannio
891 2356 1010 2443 factum
1028 2354 1207 2439 significare

161 2458 333 2535 tenendum
351 2464 409 2534 est,
428 2456 512 2535 quod
530 2456 695 2535 aliquoties
714 2455 877 2517 meliorem
895 2455 1063 2519 lectionem
1077 2476 1206 2518 servare

162 2558 406 2619 animadvertes.
448 2557 622 2618 Praeterea
646 2558 677 2617 in
700 2558 904 2617 annotatione
926 2556 1030 2632 attuli,
1058 2577 1138 2634 quae
1165 2557 1206 2620 ad

162 2657 370 2736 explicandas
401 2659 620 2736 inscriptiones
652 2664 685 2719 et
714 2648 960 2737 promovendam
988 2656 1203 2740 epigraphicer

161 2761 372 2841 cognitionem
396 2746 543 2820 conferre
565 2759 759 2836 viderentur,
788 2782 879 2839 quam
905 2760 1099 2838 provinciam
1126 2782 1204 2838 quo·

158 2860 254 2922 modo
289 2860 590 2938 administraverim‚
624 2862 691 2939 ipsc
725 2861 876 2923 iudicabit
914 2861 1016 2923 lector
1051 2863 1201 2924 eruditus.

163 2958 284 3034 Quodsi
303 2962 371 3041 quis
390 2963 587 3022 occasionem
604 2983 655 3023 me
674 2969 816 3040 captasse
839 2963 923 3024 diuet
940 2963 1075 3024 ineditas
1095 2965 1205 3024 inscri-

163 3064 288 3141 ptiones
312 3063 438 3139 edendi,
466 3064 608 3140 equidem
636 3084 697 3125 non
724 3063 865 3146 negabo,·
894 3065 950 3124 sed
976 3071 1012 3126 ut
1043 3085 1204 3142 excusem,
1293 3044 1297 3053 ¹

163 3166 191 3225 si
217 3165 423 3227 excusatione
450 3184 527 3242 opus
555 3173 622 3242 est,
645 3163 725 3226 lraec
752 3166 862 3226 affero.
907 3163 957 3227 Ne
984 3164 1100 3242 dicam,
1127 3164 1205 3227 libe·

159 3264 318 3328 ualitatem
353 3286 424 3328 esso
460 3266 714 3348 agnoscendam,
759 3268 786 3327 si
820 3274 947 3344 praeter
980 3268 1203 3328 necessitatem
1236 3259 1244 3315 ’-

162 3364 248 3428 bona
279 3373 313 3429 et
341 3365 433 3428 utilia
463 3366 552 3449 larga
577 3388 672 3429 manu
695 3368 823 3444 afferat,
850 3368 882 3429 id
904 3369 1099 3446 potissimum
1123 3389 1205 3430 nuuc

163 3469 324 3546 spectavi,
363 3473 400 3529 ut
435 3466 742 3532 Kellermanniarum
783 3470 943 3546 copiarum
978 3469 1101 3529 futurus
1136 3469 1203 3530 edi·

159 3575 225 3645 tor,
252 3589 344 3646 quam
374 3567 473 3630 multa
499 3578 532 3630 et
557 3568 719 3648 praeclara
741 3569 838 3632 abiis
860 3571 1040 3647 exspectari
1062 3578 1201 3647 possent,

160 3668 213 3731 hio
230 3669 289 3732 ubi
311 3671 435 3731 occasio
457 3669 582 3732 ferebat
604 3668 758 3747 exemplis
778 3670 961 3750 quibusdam
980 3668 1098 3732 clarum
1115 3672 1202 3734 face·

159 3792 250 3833 ram..
282 3769 364 3833 Nam
391 3790 462 3833 cum
488 3769 594 3833 multis
620 3772 659 3833 de
686 3773 788 3833 causis
814 3771 886 3835 huic
912 3773 1012 3852 primo
1039 3774 1204 3850 specimini

162 3872 362 3954 epigraphieo
388 3875 535 3950 materia,
563 3874 613 3935 eui
634 3873 764 3951 operam
785 3874 910 3953 darem,
939 3894 1001 3936 nou
1027 3895 1045 3936 e
1072 3872 1199 3939 Keller-

132 3963 135 3968 ’
160 3975 337 4036 mannianis
362 3975 418 4036 red
444 3973 572 4037 aliunde
598 3975 749 4036 sumenda
775 3984 874 4053 esset,
901 3975 1105 4040 laborandum
1124 3999 1203 4040 sane

162 4074 236 4154 luit,
264 4098 304 4140 ne
331 4076 402 4155 quis
422 4076 456 4141 id
477 4077 628 4156 penuriae
649 4077 770 4158 potius,
798 4097 890 4157 quam
911 4079 1042 4157 nimiae,
1063 4078 1096 4142 id
1119 4077 1200 4158 quod
1319 4085 1326 4096 “
